2960 4336
584 173 803 238 ..55-

254 349 442 414 multitudo.
467 349 596 432 Itaque,
620 369 695 414 cum
711 351 820 433 legere
836 369 903 416 non
919 352 1037 433 possis,
1062 354 1223 434 quantum

165 457 208 521 50
253 457 424 537 habueris,
456 457 537 522 satis
566 458 617 522 est
646 457 786 535 habere,
820 462 982 540 quantum
1010 461 1109 542 legas,
1156 461 1222 526 Sed

253 565 366 644 modo,
390 563 515 646 inquis,
550 564 638 627 hunc
668 563 791 628 librum
819 566 970 655 evolvere
1001 567 1090 645 volo,
1124 569 1221 633 modo

254 670 356 735 illum.
403 669 617 735 Fastidientis
641 671 802 736 stomachi
826 674 886 751 est,
916 673 1018 737 multa
1048 675 1222 756 degustare

253 776 385 857 cibaria,
408 797 504 860 quae,
524 777 583 842 ubi
598 779 690 842 varia
710 779 797 858 sunt,
822 778 1010 860 inquinant,
1033 800 1101 844 non
1117 781 1221 847 alunt.

254 885 413 949 Probatos
437 885 549 966 itaque
572 904 705 966 semper
728 885 799 966 lege
821 887 862 959 et,
887 886 1064 968 siquando
1081 888 1123 950 ad
1140 887 1221 952 alios

166 991 209 1055 55
256 991 376 1056 diverti
407 991 567 1069 libuerit.
592 993 634 1055 ad
657 991 785 1073 priores
809 991 911 1056 redi.“
960 992 1052 1056 Haec
1083 994 1220 1059 Seneca.

253 1098 322 1162 Nos
346 1098 380 1162 id
404 1102 577 1181 praeterea
601 1100 868 1180 admonebimus,
897 1100 934 1163 ut
963 1099 1103 1182 diligens
1127 1101 1222 1164 scho-

254 1205 390 1269 lasticus
414 1226 482 1270 non
506 1209 637 1284 temere,
662 1207 720 1270 sed
736 1227 784 1271 ex
799 1206 947 1288 magistri
965 1206 1103 1272 consilio
1119 1207 1221 1272 libros

255 1331 332 1376 suos
368 1313 481 1377 sedulo
510 1314 682 1392 emendet,
713 1313 799 1378 veris
829 1313 963 1396 punctis
992 1312 1157 1378 orationes
1189 1315 1222 1377 et

253 1421 435 1483 sententias
460 1420 651 1501 distinguat,
675 1421 763 1485 locos
788 1421 891 1502 magis
915 1419 1145 1484 memorabiles
1168 1420 1221 1484 in-

165 1527 208 1590 60
254 1525 374 1608 signiat
401 1527 453 1590 vel
480 1526 591 1608 potius
621 1529 775 1608 excerpat
808 1529 841 1590 et
873 1525 908 1590 in
942 1525 1054 1591 libello
1086 1527 1221 1590 ad'hoo

252 1636 331 1715 apto
356 1633 482 1716 seligat.
513 1634 641 1698 Plinius
656 1634 711 1698 ille
729 1634 890 1698 naturalis
907 1632 1061 1698 historiae
1078 1634 1222 1715 scriptor

252 1741 336 1805 nihil
360 1741 437 1824 legit
460 1761 622 1823 unquam,
658 1743 746 1823 quod
776 1759 843 1805 non
872 1742 1070 1823 excerperet.
1117 1741 1221 1805 Multa

253 1849 341 1912 enirn
365 1868 464 1931 saepe
487 1849 583 1912 nobis
607 1848 694 1912 inter
718 1848 895 1930 legendum
918 1850 1080 1912 oecurunt
1095 1867 1220 1912 memo-

251 1957 325 2020 ratu
343 1955 449 2037 digna,
474 1976 569 2038 quae,
587 1955 650 2018 nisi
667 1954 854 2036 seligemus
870 1954 965 2020 facile
983 1953 1220 2036 obliviscimur,

163 2063 204 2126 65
251 2063 294 2142 et,
319 2064 346 2127 si
371 2083 501 2127 rursum
525 2082 683 2144 quaerere
707 2061 856 2143 velimus,
880 2064 987 2125 totum
1009 2061 1077 2125 fere
1100 2061 1221 2127 librum

250 2170 344 2233 illurn
369 2170 478 2235 denuo
495 2170 643 2234 evolvere
661 2189 823 2251 cogemur.
849 2169 946 2247 Quod
962 2168 991 2231 si
1008 2168 1220 2250 excerptiun-
1298 2155 1299 2160 ἵ

250 2277 342 2341 culas
364 2276 552 2358 fecerimus
576 2276 672 2341 facile
696 2276 790 2340 nobis
814 2277 930 2341 eadem
953 2275 1011 2340 illa
1026 2275 1215 2340 offerentur.

250 2384 336 2448 Sunt
359 2385 459 2448 etiarn
482 2383 679 2461 sententiae,
708 2402 793 2464 quae
817 2383 859 2447 ad
883 2383 1022 2446 eandem
1045 2381 1220 2446 materiam

249 2491 430 2574 pertinent,
455 2491 664 2556 annotandae
689 2489 782 2554 etin
806 2510 910 2553 unum
926 2489 1092 2571 quendam
1109 2489 1220 2553 locum

162 2599 205 2663 70
249 2596 462 2679 colligendae.
481 2598 571 2661 Inter
584 2597 760 2679 legendum
772 2596 852 2660 item
865 2597 953 2660 clara
965 2615 1044 2660 voce
1057 2595 1219 2659 utendum

250 2707 314 2785 est,
344 2705 434 2786 quod
462 2706 533 2768 tum
564 2705 606 2768 ad
633 2704 886 2786 intelligendum
909 2701 1050 2766 maxime
1073 2702 1218 2784 prodest,

249 2813 321 2875 tum
356 2813 458 2876 etiam
491 2813 533 2876 ad
564 2810 726 2874 stomachi
761 2809 1007 2874 concoctionem
1039 2808 1220 2892 plurimum

250 2918 349 3000 valet,
373 2920 409 2982 ut
432 2918 650 3001 physicorum
668 2916 840 2981 clarissimi
864 2914 1082 2980 tradiderunt.

651 3147 733 3211 XXI.

160 3288 366 3383 Quantum
377 3287 528 3358 homini
538 3288 666 3376 prosit
678 3287 948 3358 studiosorum
960 3284 1218 3356 consuetudo.

186 3452 201 3516 1
251 3450 484 3520 Studiosorum
514 3451 720 3515 consuetudo
748 3448 897 3533 diligenti
926 3447 1124 3513 scholastico
1151 3466 1220 3511 non

250 3576 369 3638 parum
402 3557 530 3622 fructus
564 3557 757 3641 praestabit.
816 3556 900 3621 Cum
935 3557 1049 3622 sancto
1085 3557 1219 3620 sanctus

250 3664 314 3728 eris
347 3666 381 3728 et
415 3684 491 3729 cum
519 3684 676 3748 perverso
710 3664 916 3747 perverteris.
969 3663 1139 3728 Usitatum
1169 3663 1220 3726 est

249 3791 400 3836 sermone
412 3771 639 3853 proverbium:
659 3771 714 3852 „Si
730 3771 848 3836 claudo
863 3770 991 3835 vicinus
1005 3769 1218 3850 habitaveris,
