2960 4336
701 197 921 264 „58-

373 374 534 459 Vespino,
575 375 772 440 Mancinello
815 375 912 440 aliive
956 376 1045 440 claro
1083 373 1342 461 grammatico,⁵)

372 482 587 565 interimque,
631 482 711 547 dum
750 482 922 547 nominum
963 482 1176 548 declinationi
1221 483 1341 563 studet,

372 588 589 654 substantivis
620 587 768 670 epitheta
797 607 1004 671 praeponere
1041 591 1074 653 et
1110 609 1179 653 una
1214 588 1341 654 variare

285 695 326 761 25
375 696 498 775 discat,
533 695 646 778 qualia
676 698 770 760 sunt:
806 694 966 777 Liquidus
997 695 1087 772 fons,
1122 696 1219 760 albus
1249 696 1342 774 denS,

372 803 512 886 pulchra
534 803 659 880 VenuS,
691 803 777 867 alma
802 801 915 881 CereS,
947 802 1029 867 levis
1058 802 1188 884 pluma,
1220 802 1342 866 ssavum

375 910 452 989 mel,
468 910 564 974 triste
576 909 710 983 bellurn,
727 910 853 975 clarum
867 909 979 974 lumen
992 910 1026 973 et
1041 909 1076 974 id
1087 929 1191 991 genus
1204 908 1341 991 reliqua.

375 1016 439 1081 Ubi
456 1015 522 1081 iam
537 1017 581 1082 ad
597 1016 761 1095 syntaxim
776 1016 976 1100 pervenerit,
994 1017 1180 1100 complures
1193 1016 1343 1080 eiusdem

374 1123 631 1190 constructionis
654 1123 880 1189 oratiunculae
904 1123 1067 1188 sententia
1084 1123 1276 1204 exemplove
1292 1123 1343 1186 in-

287 1230 330 1295 30
375 1230 485 1313 signes
517 1233 550 1295 et
578 1231 706 1296 nobiles
737 1251 777 1295 ex
807 1231 942 1308 Plaut0,
973 1230 1142 1309 Terentio,
1175 1230 1342 1310 Cicerone,

374 1336 527 1419 Vergilio,
549 1337 676 1416 Ovidi0,
698 1336 868 1415 Sallustio,
889 1337 996 1402 Plinio
1011 1337 1141 1402 iuniore
1157 1340 1191 1402 et
1207 1335 1343 1419 reliquis

375 1444 553 1528 praeclaris
577 1444 796 1527 scriptoribus
819 1444 868 1509 illi
891 1447 968 1509 ante
991 1444 1103 1508 oculos
1126 1447 1293 1526 ponantur
1311 1445 1344 1508 et

375 1552 493 1617 crebra
524 1551 722 1635 repetitione
753 1551 932 1615 memoriae
964 1551 1060 1632 quasi
1096 1550 1342 1633 imprimantur.

375 1658 431 1724 Sic
453 1658 546 1724 brevi
571 1659 713 1723 multum
736 1657 898 1742 proficiet,
928 1656 957 1720 si
980 1657 1223 1739 compendiosis
1247 1675 1344 1738 prae-

289 1764 329 1831 35
377 1764 483 1848 ceptis
522 1764 697 1830 mediocris
737 1764 962 1847 exemplorum
1003 1765 1099 1846 copia
1140 1766 1343 1846 suggeratur.

377 1873 506 1946 Postea,
531 1891 605 1936 curn
622 1873 664 1936 ad
679 1873 854 1954 poetarum
878 1871 1122 1936 enarrationem
1143 1870 1345 1936 audiendam

375 1979 477 2044 fuerit
500 1979 650 2056 idoneus,
683 1978 756 2043 illos
779 1982 977 2061 praeceptor
1006 1979 1255 2060 interpretetur,
1286 1978 1344 2061 qui

376 2085 522 2150 moribus
557 2085 686 2168 pudicis
721 2104 789 2151 non
823 2084 986 2164 officiant,
1028 2085 1087 2150 sed
1125 2084 1344 2150 adolescentis

376 2193 524 2258 animum
546 2192 753 2257 humanitate
777 2211 844 2257 non
867 2193 977 2256 minus
1001 2192 1100 2269 alant,
1130 2211 1229 2275 quam
1252 2191 1345 2256 Lati-

287 2301 332 2366 lo
378 2299 484 2364 nitate
506 2299 690 2364 instituant.
715 2299 920 2364 Adolescens
943 2299 1015 2382 ipse
1037 2319 1192 2363 versuum
1217 2299 1345 2363 dimen-

376 2407 579 2472 surationem
602 2409 635 2470 et
659 2406 843 2470 carminum
866 2407 1031 2490 rationem
1053 2405 1244 2471 avidissime
1268 2424 1345 2487 per-

376 2514 491 2578 discat.
539 2513 632 2591 Quae
662 2513 846 2595 eleganter,
882 2532 968 2594 quae
1002 2513 1221 2592 sententiose,
1258 2532 1345 2595 quae

376 2619 515 2685 licenter
539 2620 637 2698 dicta,
662 2639 748 2701 quae
772 2620 851 2683 item
876 2619 1048 2699 imitanda,
1071 2639 1157 2701 quae
1180 2638 1245 2682 non
1267 2619 1345 2699 sint,

376 2749 396 2793 a
418 2728 553 2792 doctore
569 2726 720 2791 sitienter
741 2725 898 2810 accipiat;
919 2727 1007 2790 bene
1025 2724 1114 2790 dicta
1130 2725 1346 2790 similitudine

286 2834 330 2899 45
376 2834 521 2918 quadarn
539 2833 686 2916 effingat,
702 2833 842 2898 barbare
858 2833 988 2914 prolata
1000 2832 1152 2896 emendet
1165 2831 1347 2914 stilumque

377 2944 411 3006 et
431 2942 539 3007 soluta
560 2942 594 3005 et
615 2959 791 3006 numerosa
813 2939 961 3005 oratione
983 2941 1143 3004 exerceat.
1179 2938 1347 3002 Paulatim

377 3048 477 3112 etiam
502 3047 542 3113 ad
567 3046 754 3112 dialectices
778 3047 940 3126 studium,
976 3065 1043 3129 qua
1071 3064 1186 3108 verum
1216 3063 1235 3108 a
1261 3044 1347 3110 falso

377 3155 598 3234 secernimuS,
634 3153 731 3218 etad
755 3153 901 3236 reliquas
925 3151 1117 3235 disciplinas
1141 3151 1349 3234 pergendum

377 3262 436 3327 est.
477 3261 543 3327 Sed
562 3260 597 3324 in
618 3260 783 3325 studendo
806 3277 937 3340 semper
953 3260 1032 3324 ordo
1049 3258 1256 3323 adhibendus
1274 3257 1348 3339 erit,

289 3369 332 3434 50
377 3389 420 3434 ne
432 3367 516 3433 varii
527 3367 602 3432 libri
615 3367 750 3432 confuse
761 3368 920 3449 legantur,
934 3366 992 3430 sed
1002 3364 1138 3447 singulis
1147 3364 1349 3430 lectionibus

378 3475 568 3558 dispertitas
591 3477 690 3540 horas
719 3474 835 3538 haberi
865 3475 1036 3555 opportet,
1071 3491 1157 3555 quae
1192 3492 1260 3536 una
1294 3491 1349 3536 res

376 3583 558 3664 plurimum
593 3583 730 3663 prodest
763 3583 796 3644 et
831 3582 874 3646 ad
903 3581 1062 3644 librorum
1090 3579 1285 3644 varietatem
1315 3581 1349 3642 et

377 3690 553 3754 adrerum
578 3687 877 3767 consumationem,
912 3686 1002 3769 quod
1029 3685 1161 3750 abunde
1190 3686 1223 3748 et
1251 3683 1349 3749 facile

377 3795 517 3879 percipi
536 3798 661 3878 potest,
697 3794 801 3878 siquis
830 3795 953 3859 statuta
982 3793 1063 3856 hora
1087 3791 1242 3874 exiguum
1266 3791 1349 3874 quid
