2960 4336
553 203 774 273 ..25-

224 383 341 456 tacitis,
357 383 500 450 filiorum
514 406 602 454 vero,
627 387 748 469 quibus
768 405 824 451 eas
843 385 1051 469 relinquetis,
1070 385 1196 451 nullam

224 511 304 558 sane
328 511 443 557 curam
466 493 680 576 suscipitis?“
707 494 811 559 Divus
834 494 915 557 item
939 490 1161 575 Hieronymus
1170 490 1197 578 5)

180 604 182 608 '
224 599 267 663 ad
298 599 465 664 Salrinam
501 601 665 665 scribens:
707 601 803 680 „Non
834 603 886 664 est
916 598 1042 682 parvi“‚
1077 599 1196 682 inquit,

224 706 334 786 „apud
357 706 457 770 deum
482 707 599 783 meriti,
624 708 709 771 bene
732 707 818 772 filios
836 708 1008 772 educare.“
1035 706 1197 785 Quocirca

226 832 292 876 non
316 831 436 894 parum
460 814 638 878 laudantur
656 813 920 885 lacedaemonii,
945 813 1002 895 qui
1019 813 1196 896 plurimam

226 920 312 983 circa
328 925 449 1000 pueros
463 919 667 1002 diligentiam
680 921 846 985 faciebant
860 923 892 984 et
906 921 1040 1003 quidem
1052 919 1195 1003 publice.

225 1027 468 1110 Vosquoque,
493 1027 666 1108 Germani,
698 1027 760 1092 viri
782 1027 968 1106 fortissimi,
1004 1027 1032 1091 si
1062 1027 1197 1092 laudem

226 1134 397 1214 quaeritis
418 1133 447 1198 si
463 1134 643 1199 liberorum
659 1135 845 1218 profectum
862 1134 990 1211 amatis
1007 1134 1035 1198 si
1053 1135 1196 1216 denique
1294 1196 1296 1199 ,

225 1244 259 1303 et
289 1243 434 1304 vestram
464 1246 497 1305 et
528 1260 643 1306 eornm
673 1241 868 1306 felicitatem
896 1241 1068 1322 sapentia,
1099 1260 1197 1322 prae-

227 1349 378 1429 ceptores
413 1347 672 1413 humanissimos
708 1347 840 1431 deligite
879 1352 912 1412 et
951 1347 1035 1411 lilios
1069 1349 1197 1411 vestros
1299 1399 1300 1404 ,

226 1453 362 1537 optimis
379 1455 506 1519 artibus
528 1454 753 1520 instituendos
770 1454 885 1519 sedulo
903 1458 1026 1533 curate,
1050 1454 1197 1537 dumque

227 1561 275 1625 eis
298 1581 358 1643 per
382 1565 524 1625 aetatem
547 1562 630 1626 haec
654 1565 768 1626 nostra
798 1563 838 1626 de
867 1562 944 1626 suis,
960 1559 1078 1625 officiis
1102 1579 1199 1642 prae-

228 1670 341 1749 cepta,
373 1687 459 1733 nora
488 1668 683 1733 inventione
712 1669 812 1750 atque
835 1667 950 1732 ordine
973 1687 1040 1732 non
1064 1667 1198 1733 omnino

136 1775 181 1839 40
223 1773 376 1855 imperite
401 1775 605 1858 conscripta,
634 1776 785 1856 accipere
815 1775 998 1854 nonlicet,
1029 1774 1102 1856 ipse
1124 1773 1198 1838 illos

228 1881 270 1946 ad
286 1893 387 1945 'saera
411 1880 597 1946 litterarum
628 1883 739 1945 studia
766 1881 1017 1964 diligentissime
1045 1882 1199 1946 cohorta-

228 1987 310 2051 mini
343 1989 377 2051 et
408 1987 487 2070 quid
511 1989 601 2052 inter
624 1988 804 2052 Herculem
829 2009 866 2052 ao
890 1986 1200 2072 Sar·danapalum,⁶)

230 2076 419 2159 doetumet
442 2094 593 2174 idiotam,
625 2095 811 2176 sapientem
841 2097 874 2160 et
902 2094 1028 2159 fatuum
1056 2095 1199 2173 intersit,

227 2187 421 2282 frequenter
444 2203 638 2266 admonete:
662 2201 718 2266 Sic
741 2222 802 2267 nee
825 2200 979 2284 genuisse
1000 2221 1061 2265 nee
1077 2202 1199 2266 liberos

137 2309 181 2372 45
226 2308 328 2372 vitam
351 2298 521 2390 accepisse
543 2310 740 2392 poenitebit.

653 2612 694 2676 ΙΙ.

178 2767 297 2863 Quod
319 2767 434 2856 pueri
455 2767 615 2839 scholae
639 2768 896 2857 mancipandi
919 2772 960 2838 et
984 2787 1008 2839 a
1029 2772 1170 2840 tenera

332 2981 334 2986 Ι
412 2877 547 2964 aetate
566 2875 802 2946 instituendi
823 2877 928 2945 sunt.

167 3075 180 3137 1
228 3073 325 3150 Quod
341 3071 441 3155 igitur
457 3072 553 3137 liberi
571 3071 823 3155 diligentissime
841 3073 981 3138 docendi
1004 3071 1079 3151 sint,
1105 3091 1203 3137 nemo

230 3178 298 3242 nisi¹
323 3181 460 3244 insanus
507 3199 656 3262 unquam
694 3179 876 3257 dubitavit,
912 3182 971 3244 sed
1007 3199 1086 3243 num
1121 3179 1204 3261 quid

230 3285 362 3368 publice
386 3285 508 3350 rectius
540 3305 583 3350 an
612 3287 786 3370 privatim,
822 3286 910 3350 domi
940 3305 983 3350 an
1013 3287 1048 3350 in
1079 3286 1202 3365 schola,

231 3392 436 3457 commodius
458 3391 727 3473 instituerentur,
751 3392 829 3457 olim
852 3392 938 3457 inter
961 3391 1112 3458 homines
1136 3412 1203 3457 non

163 3501 183 3564 5
228 3500 392 3564 convenit.
439 3499 561 3565 Fabius
585 3502 696 3564 autern
725 3499 759 3562 in
786 3499 895 3582 primo
920 3500 960 3564 de
984 3500 1130 3564 oratoria
1151 3498 1203 3563 in-

232 3606 403 3671 stitutione
428 3606 513 3671 libro
536 3626 669 3670 ornnem
693 3626 795 3690 super
819 3608 881 3671 hac
905 3626 940 3671 re
958 3607 1203 3673 dubitationem

117 3763 119 3769 s
231 3713 277 3778 ita
300 3733 318 3778 e
341 3713 452 3779 medio
476 3714 619 3790 sustulit,
651 3715 690 3777 ut
713 3733 755 3779 ne
779 3712 963 3779 litteratum
987 3713 1121 3797 quidem
1143 3714 1203 3777 ha-

230 3821 379 3886 bendum
394 3819 589 3902 existimem,
613 3820 671 3903 qui
688 3840 756 3885 non
771 3821 876 3885 mullo
893 3821 1011 3886 melius
1027 3821 1063 3886 in
1079 3820 1202 3901 schola,
