2960 4336
698 197 918 266 ὴ.3ρ..

346 379 549 464 virginitatis
573 398 689 446 amans
711 379 828 463 procul
851 378 964 444 omnia
985 379 1099 462 turpia
1120 379 1211 459 vitet,

280 510 337 593 12)
379 506 542 572 Pierides
566 509 688 586 castae,
712 509 805 570 casta
828 504 976 569 Minerva
998 504 1069 569 fuit.

347 632 551 714 Pythagoras
566 633 592 716 1)
616 632 778 695 Venerem
804 630 955 695 studioso
979 633 1116 711 pectore
1140 629 1225 712 fugit

389 757 431 821 Et
454 755 598 841 Plarofl)
621 776 721 838 quem
745 756 860 820 dicunt
884 755 1011 837 virgine
1037 756 1142 819 matre
1166 757 1290 834 satum3

346 883 558 947 Democritus
568 882 597 965 3)
620 882 711 947 fulvo
735 900 871 945 caecum
897 901 932 945 se
956 880 1101 945 reddidit
1124 899 1209 960 aere,

282 1009 338 1092 16)
391 1006 441 1071 Ne
465 1027 525 1072 sua
548 1005 712 1072 femineus
736 1006 836 1070 corda
859 1005 988 1070 subiret
1010 1025 1113 1070 amor.

346 1131 488 1196 Tessera
510 1133 633 1197 vitetur
656 1131 791 1209 lusoria,
817 1130 953 1208 cartula,
978 1149 1139 1212 praeceps

390 1255 484 1335 Alea,
509 1275 595 1340 quae
619 1256 733 1320 multis
757 1258 807 1319 esi
831 1256 988 1319 comitata
1012 1253 1116 1319 malis.

348 1381 435 1446 Hinc
459 1385 598 1462 surgunt
623 1382 724 1459 rixae,
748 1380 892 1459 fraudes,
916 1380 1073 1470 periuria,
1098 1380 1227 1455 caedes

281 1508 339 1591 20)
391 1507 502 1586 Furta,
527 1505 737 1571 latrocinium
759 1505 964 1586 militiaeque
987 1505 1088 1571 furor.

349 1629 485 1696 Infamis
509 1633 669 1696 miserum
692 1650 824 1714 semper
847 1630 938 1694 subit
962 1632 1034 1695 aleo
1056 1629 1169 1710 finem,

392 1756 545 1821 Iustitiae
569 1757 677 1820 cultor
700 1775 872 1837 nunquam
896 1756 1006 1820 aliena
1030 1754 1130 1838 cupit.

353 1881 509 1945 Carnifici
531 1879 680 1964 iugulum
705 1901 805 1963 saepe
829 1884 879 1944 est
902 1881 1063 1963 praebere
1087 1883 1231 1959 coactus,

282 2009 340 2091 sd)
392 2005 456 2083 Qui
480 2006 587 2089 patris
611 2006 739 2088 sprevit
762 2007 854 2071 iussa
877 2025 994 2070 severa
1017 2006 1077 2070 sui.

348 2131 394 2194 At
417 2132 543 2197 teneris
568 2131 663 2196 annis
687 2132 881 2214 quaerenda
904 2130 1024 2195 viatica
1047 2129 1149 2210 cauis,

392 2256 452 2320 Est
476 2256 589 2321 labore
613 2256 669 2339 pio
694 2256 920 2321 conciliandus
943 2257 1058 2320 honor.

748 2452 875 2518 XXVII.

384 2591 579 2663 Vitsndss
603 2609 691 2662 esse
715 2592 948 2663 sodalitates
971 2592 1244 2680 improborum

417 2716 492 2769 neo
516 2717 607 2768 cum
629 2698 959 2788 inquinatissimis
982 2697 1211 2768 hominibus

518 2805 747 2876 habendam
771 2805 1110 2877 consuetudinem.

374 2950 490 3033 Effuge
514 2950 663 3015 luxuriae
688 2970 800 3015 servos
824 2969 1011 3034 pravosque
1036 2950 1177 3028 sodales,

416 3075 588 3141 Mollitiem
611 3077 680 3140 rita
704 3075 931 3157 desidiamque
957 3076 1042 3157 fuga.

349 3200 497 3265 Deliciae
521 3201 695 3280 pulchram
719 3203 891 3281 nequeunt
916 3200 1066 3264 attollere
1090 3198 1223 3278 lamam,

282 3328 319 3411 4)
393 3324 554 3391 Provenit
578 3346 617 3389 ex
641 3325 760 3390 studiis
785 3329 886 3407 atque
910 3325 1024 3389 labore
1048 3325 1158 3388 decus,

350 3451 450 3516 Parce
474 3449 541 3514 tuis
565 3451 720 3529 nummis,
746 3470 829 3532 quos
854 3451 1019 3514 donavere
1043 3452 1210 3531 perculso,

394 3574 447 3641 Ad
471 3576 597 3658 frugem
620 3578 659 3639 ut
682 3576 791 3656 possis
815 3575 892 3639 inde
916 3574 1028 3639 venire
1052 3575 1185 3638 bonam.

352 3701 427 3765 Non
452 3700 539 3764 inter
562 3699 711 3764 madidas
735 3702 847 3764 tutum
871 3703 920 3763 est
944 3699 1095 3763 habitare
1119 3698 1271 3781 popinas

283 3828 320 3912 8)
396 3824 540 3890 Sordida
564 3844 630 3889 non
654 3824 743 3888 iuter
766 3844 871 3906 ganea
894 3825 1000 3904 surgit
1024 3825 1141 3889 honos.
