2960 4336
571 183 791 250 „49-

243 361 409 444 captivuS,
443 361 574 427 vinctus
603 365 636 428 et
669 382 794 428 servus
841 362 969 428 Tamen
996 362 1073 448 quia
1099 364 1208 448 philo-

243 470 369 551 sophus
392 468 497 534 maior
520 471 652 534 emente
675 489 711 534 se
739 468 812 534 fuit.
855 469 909 534 Ad
932 469 1043 535 Titum
1067 469 1208 553 Livium,

242 576 348 642 lacteo
385 576 594 661 eloquentiae
632 578 722 642 fonte
759 581 965 658 manantem,
1004 579 1046 642 de
1084 578 1209 643 ultimis

152 684 200 748 40
244 681 425 764 Hispaniae
454 682 701 766 Galliarumque
734 681 857 747 finibus
887 684 1049 766 quosdam
1078 685 1209 750 venisse

243 789 370 855 nobiles
394 787 579 875 legimus,2)
602 792 635 855 et
657 809 741 872 quos
764 791 808 854 ad
830 790 1139 872 contemplationem
1158 791 1209 857 sui

244 897 352 962 Roma
375 916 444 962 non
466 898 620 977 traxerat,
645 897 745 962 unius
768 896 913 962 hominis
935 896 1023 962 fama
1045 894 1208 981 perduxit.

244 1002 371 1068 Habuit
393 1003 449 1068 illa
472 1005 564 1068 aetas
587 1003 773 1068 inauditum
797 1003 950 1068 omnibus
967 1003 1108 1070 saeculis
1125 1007 1211 1071 cele-

243 1110 473 1193 brandumque
496 1110 702 1192 miraculum,
727 1113 763 1176 ut
786 1112 912 1176 tantam
934 1111 1050 1177 urbem
1071 1113 1211 1194 ingressi

154 1219 197 1282 45
243 1217 334 1282 aliud
356 1222 448 1282 extra
477 1218 594 1283 urbem
623 1222 833 1301 quaererent.
880 1217 1112 1305 Apolloniust)
1142 1218 1211 1284 sive

244 1323 300 1388 ille
322 1343 453 1406 maguS,
483 1326 520 1388 ut
547 1324 664 1407 vulgus
686 1324 851 1407 loquitur,
886 1323 955 1389 sive
981 1322 1211 1409 philosophus

244 1433 281 1495 ut
305 1430 501 1513 Pythagorei
517 1431 664 1510 tradunt,
688 1430 826 1496 intravit
842 1431 972 1512 Persas,
995 1431 1212 1514 pertransivit

245 1537 440 1616 Caucasum,
468 1537 626 1616 Albanos,
656 1539 805 1621 Scythas
832 1538 1042 1620 Massagetae,
1072 1539 1212 1620 opulen-

244 1643 373 1709 tissima
407 1645 523 1710 Indiae
552 1665 654 1726 regna
680 1644 869 1728 penetravit
899 1646 934 1709 et
960 1646 1003 1710 ad
1029 1645 1214 1709 extremum

155 1752 199 1816 50
246 1750 408 1816 latissimo
443 1752 577 1830 Physon
612 1771 708 1816 amne
749 1751 944 1817 transmisso
987 1750 1137 1834 pervenit
1171 1753 1214 1818 ad

245 1857 488 1938 Brachmanae,
522 1861 560 1923 ut
593 1858 788 1939 Hiarcham,
820 1857 857 1922 in
888 1859 1009 1924 throno
1042 1860 1214 1924 sedentem

245 1985 348 2031 aureo
371 1968 404 2030 et
427 1966 468 2030 de
491 1964 625 2029 Tantali
647 1964 738 2030 fonte
760 1967 949 2047 potantem,
977 1965 1066 2029 inter
1089 1984 1213 2048 paucos

246 2071 425 2155 discipulos
454 2073 496 2137 de
523 2073 657 2152 natura,
692 2073 733 2136 de
762 2071 912 2137 moribus
939 2091 977 2136 ao
1005 2072 1150 2137 siderum
1180 2074 1213 2137 et

246 2177 375 2250 dierum
392 2199 492 2244 cursu
513 2179 644 2244 audiret
659 2180 845 2244 docentem.
869 2179 951 2244 Inde
966 2198 1027 2261 per
1042 2178 1212 2261 ElamitaS,

156 2287 200 2351 55
246 2284 460 2368 Babylonios,
485 2286 684 2366 Chaldaeos
708 2287 835 2366 Medos,
864 2285 1031 2368 Assyrios,
1061 2287 1212 2368 Parthos,

247 2393 362 2475 Syros,
397 2392 598 2474 Phoenices,
638 2393 782 2464 Arabes,
818 2393 1024 2458 Palaestinos
1060 2413 1213 2459 reversus

246 2499 482 2565 Alexandriam
510 2500 655 2582 perrexit
684 2502 726 2566 ad
753 2499 979 2583 Aethiopiam,
1011 2502 1048 2564 ut
1079 2521 1213 2584 gymno-

246 2607 414 2689 sophistas
444 2608 477 2671 et
506 2608 774 2672 famiosissimam
802 2606 879 2672 solis
909 2626 1059 2672 mensam
1087 2609 1214 2673 videret

245 2713 282 2778 in
305 2714 431 2779 sabulo.
478 2714 609 2778 Invenit
632 2713 688 2778 ille
711 2714 761 2778 vir
789 2714 925 2796 ubique,
955 2713 1044 2796 quod
1068 2713 1213 2778 disceret

158 2823 203 2887 60
248 2823 282 2886 et
312 2841 443 2905 semper
471 2819 647 2904 proficiens
679 2839 809 2902 semper
842 2819 907 2904 [se]
941 2820 1056 2884 melior
1086 2817 1210 2884 fieret.“

247 2928 341 2994 Haeo
365 2928 462 2993 divus
486 2928 718 3010 Hieronymus.
727 2924 757 3012 4)
795 2923 1055 3011 Quintilianus⁵)
1078 2945 1155 2991 vero
1178 2925 1214 2988 in

247 3035 355 3119 primo
379 3036 420 3101 de
444 3033 586 3100 oratoria
607 3032 816 3099 institutione
839 3032 925 3098 libro
949 3033 990 3098 de
1010 3032 1150 3097 Platone
1167 3033 1214 3097 sic

247 3143 373 3226 inquit:
400 3142 569 3225 „Denique
585 3161 644 3207 cur
658 3140 691 3204 in
709 3141 761 3206 his
776 3138 941 3220 omnibus,
957 3157 1042 3221 quae
1059 3138 1215 3203 discenda

248 3250 370 3316 oratori
394 3253 490 3331 puto,
521 3249 662 3314 eminuit
685 3246 802 3313 Plato?
838 3245 918 3325 Qui,
947 3265 1014 3310 non
1041 3246 1214 3311 contentus

158 3359 202 3423 65
250 3355 448 3439 disciplinis,
476 3376 557 3440 quas
582 3357 752 3438 praestare
774 3354 929 3436 poterant
950 3352 1119 3432 Athenae,
1148 3370 1216 3416 non

247 3449 545 3547 Pythagoreorum,
579 3464 622 3528 ad
650 3481 732 3545 quos
763 3459 798 3525 in
830 3459 961 3524 Italiam
995 3458 1214 3542 navigaverat,

246 3571 389 3656 Aegypti
425 3590 558 3653 quoque
604 3570 791 3635 sacerdotes
832 3565 916 3632 adiit
961 3568 1061 3648 atque
1100 3585 1215 3630 eorum

248 3698 368 3744 arcana
385 3677 601 3760 perdidicit?“
627 3677 719 3741 Idem
727 3674 755 3761 6)
770 3677 805 3740 in
821 3674 882 3738 XII
898 3673 983 3738 libro
1001 3673 1041 3737 de
1058 3671 1215 3736 Cicerone

249 3785 296 3850 sic
324 3784 454 3850 scribit:
492 3783 599 3866 „Usus
632 3785 683 3848 est
714 3786 747 3845 et
772 3781 834 3845 hac
864 3779 991 3845 ratione
1018 3780 1059 3844 M.
1084 3777 1214 3842 Tullius

1002 3918 1026 3986 A
