2960 4336
693 217 914 285 ...28-

363 345 449 479 quae
473 395 594 478 partim
617 395 761 466 fortuna,
785 397 906 481 partim
929 397 1003 479 ipse
1027 395 1090 461 sibi
1114 397 1223 472 homo,
1253 398 1336 463 deus

362 504 453 571 solus
476 503 588 569 omnia
610 505 782 587 praestare
802 505 922 587 potest.
947 504 1067 570 Fateor
1084 504 1248 587 equidem,
1272 506 1348 570 hoc.

362 611 504 678 arduum
528 629 602 675 esse
626 612 659 674 et
683 610 778 693 longe
802 609 1032 675 difficillimum
1055 610 1197 695 ideoque
1221 612 1336 677 doctos

279 720 317 785 15
361 717 515 785 homines
545 716 580 780 in
612 717 703 782 omni
734 717 866 782 saeculo
898 737 1052 802 perraros
1083 717 1188 783 fuisse
1218 721 1334 785 testor.

363 827 485 891 Verum
502 825 652 906 quamvis
668 843 775 907 pauca
792 825 910 906 desint,
927 843 1024 889 nemo
1038 826 1080 890 ob
1098 825 1133 890 id
1145 824 1337 891 litterarum

361 933 481 998 studiis
506 951 541 996 se
564 931 704 996 abdicet.

408 1039 487 1120 „Est
509 1038 620 1122 aliquo
641 1037 776 1120 prodire
796 1041 905 1118 tenus,
930 1040 958 1103 si
981 1058 1049 1103 non
1065 1039 1165 1105 datur
1181 1039 1336 1125 ultra.“1)

362 1145 439 1211 Non
469 1163 585 1210 omnes
616 1145 815 1210 Aristoteles
844 1146 902 1210 aut
925 1145 1104 1210 Cicerones
1127 1150 1187 1212 aut
1213 1146 1335 1211 Hiero-

138 1277 139 1281 *
272 1255 316 1320 ab
362 1251 451 1335 nymi
480 1251 651 1317 Aureliive
678 1272 752 1317 esse
778 1270 973 1333 possumus,
1002 1273 1113 1336 neque
1140 1272 1181 1317 ea
1211 1251 1337 1335 ingenii

361 1358 510 1436 felicitae,
528 1379 614 1441 quae
630 1359 666 1423 in
682 1359 810 1424 Joanne
828 1358 940 1440 Pico2)
963 1378 1071 1441 nuper
1087 1358 1162 1439 fuit,
1178 1359 1335 1425 omnibus

362 1466 533 1548 contingit.
589 1466 730 1531 Studcat
765 1466 879 1531 tamen
913 1467 1067 1532 certatim
1100 1467 1335 1550 unusquisque

361 1591 422 1637 nec
439 1571 586 1636 desidiae
603 1591 684 1637 suae
704 1573 757 1637 vel
778 1573 910 1638 tardum
932 1571 1105 1655 ingenium
1128 1574 1180 1638 vel
1203 1573 1336 1638 futilem

362 1679 555 1744 memoriam
585 1698 740 1744 rerumve
767 1679 914 1761 inopiam
936 1681 1144 1762 praetendat.
1175 1681 1211 1746 Si
1235 1682 1335 1746 modo

274 1787 316 1852 25
362 1805 424 1851 suo
447 1786 510 1850 sibi
534 1787 707 1851 commodo
724 1787 823 1852 homo
839 1787 911 1870 ipse
935 1806 1003 1854 non
1026 1787 1122 1866 desit,
1147 1791 1181 1853 et
1201 1787 1336 1853 fortuna

361 1892 524 1977 aspirabit
536 1895 569 1958 et
582 1895 663 1958 deus
673 1893 891 1977 opitulabitur
898 1913 1003 1977 eoque
1016 1894 1201 1976 sapientiae
1213 1894 1335 1960 studiis

360 2001 579 2083 provehetur,
604 2003 641 2065 ut
665 2001 834 2066 Persicam
857 2001 1031 2082 luxuriem,
1055 2001 1171 2066 Croesi
1194 2021 1277 2084 opes
1301 2006 1335 2066 et

361 2105 503 2189 Augusti
526 2106 718 2173 felicitatem
741 2107 837 2173 facile
861 2106 1031 2190 despiciat.

777 2304 830 2369 IV.

393 2462 455 2532 De
478 2461 668 2533 scientias
693 2461 912 2550 cupiditate
936 2461 1217 2551 comparanda

298 2664 312 2726 l
361 2661 528 2727 Scicntiae
560 2659 724 2744 cupiditas
756 2660 884 2726 bomini
917 2662 1037 2726 natura
1065 2660 1169 2742 inest,
1204 2661 1337 2743 signnm

361 2768 456 2833 cuius
488 2772 539 2834 est
569 2768 642 2850 ipse
675 2786 835 2833 sensuum
865 2787 966 2833 amor.
1014 2768 1110 2833 Illam
1138 2769 1252 2833 tamen
1282 2769 1336 2833 vel

361 2874 549 2957 depravatis
577 2874 790 2957 opinionibus
818 2873 1008 2958 mentisque
1037 2874 1168 2957 ignavia
1199 2875 1337 2957 reprimi

361 2983 414 3047 rel
443 2981 544 3047 rectis
574 2981 850 3065 persuasionibus
881 3001 919 3047 ac
947 2983 1090 3048 honesta
1118 2980 1335 3047 meditatione

295 3089 315 3153 5
362 3088 513 3154 adiuvari
536 3109 645 3172 posse,
669 3108 737 3153 non
762 3088 902 3154 dubium
926 3091 986 3155 est.
1018 3087 1148 3171 Cogitet
1171 3087 1336 3171 imprimis

362 3215 456 3278 puer,
480 3199 513 3261 et
536 3200 575 3261 ut
597 3197 632 3261 id
657 3196 774 3260 sedulo
796 3197 928 3279 cogitet,
952 3199 1127 3279 aparente
1144 3195 1198 3260 vel
1214 3196 1337 3278 paeda-

362 3323 444 3386 gogo
461 3304 691 3385 admoneatur,
713 3306 878 3386 quantum
893 3303 993 3368 homo
1009 3303 1181 3367 litteratus
1197 3301 1336 3385 reliquis

362 3410 555 3476 hominibus
579 3410 768 3484 antecellet,
793 3428 893 3492 quam
911 3409 1028 3491 exigua
1044 3428 1160 3473 rursus
1177 3409 1337 3492 dignitate

362 3517 552 3582 illitteratus
575 3517 684 3582 brutis
707 3516 932 3582 animantibus
955 3519 1114 3599 praestet.
1145 3517 1232 3581 Sunt
1247 3515 1338 3580 enim

277 3624 318 3689 10
362 3624 507 3689 hominis
532 3623 686 3707 propriae
710 3624 802 3688 dotes
827 3624 912 3688 ratio
936 3641 975 3688 ac
998 3624 1124 3704 orati0,
1152 3642 1236 3705 quas
1264 3621 1337 3687 sine

363 3731 484 3796 litteris
516 3731 666 3796 excolere
698 3751 795 3795 nemo
825 3734 915 3796 recte
943 3732 1065 3812 potest.
1119 3729 1196 3793 Non
1226 3728 1338 3794 minus

363 3857 442 3902 vere
474 3856 576 3920 quam
608 3838 776 3921 eleganter
808 3836 940 3922 scripsit
975 3838 1016 3903 M.
1047 3837 1179 3902 Tullius
1190 3835 1232 3922 ¹):
1274 3833 1339 3916 „Ut
