2960 4336
716 201 938 286 agg..

384 395 528 462 Proinde
557 417 672 462 omnes
702 397 796 464 avide
830 397 998 464 discamus
1030 401 1076 478 et,
1116 400 1154 462 ut
1184 397 1321 462 Flaccus
1331 395 1360 482 7)

296 503 337 567 75
386 504 552 583 admonet,

387 609 479 689 „Hoc
496 631 590 694 opuS,
608 613 670 675 hoc
688 611 833 676 studium
850 613 944 694 parvi
960 631 1178 694 properemus
1195 614 1229 676 et
1245 611 1359 693 ampli,

428 717 464 781 Si
487 717 618 802 patriae
641 719 805 800 volumus,
830 719 858 782 si
883 718 978 782 nobis
1002 718 1112 784 vivere
1136 718 1241 782 caril‘

799 951 852 1015 Vl.

514 1089 643 1180 Super
665 1091 914 1180 ingeniorum
936 1090 1138 1160 varietate.

328 1273 342 1336 1
391 1269 465 1347 Quo
489 1269 587 1352 igitur
609 1271 707 1335 modo
731 1289 817 1352 puer
840 1270 988 1335 discendi
1012 1269 1153 1353 cupidus
1176 1269 1248 1350 fiat,
1281 1272 1364 1336 satis

383 1377 511 1441 dictum
534 1396 625 1456 reor;
649 1397 739 1441 nunc
763 1378 805 1442 ad
828 1376 953 1459 ingenii
978 1397 1117 1442 acumen
1138 1379 1361 1442 transeamus!

383 1483 497 1548 Varias
532 1484 614 1548 deus
650 1483 842 1548 hominibus
877 1485 972 1548 dotes
1008 1484 1178 1548 distribuit
1209 1484 1362 1566 aliosque

384 1590 459 1654 aliis
482 1591 583 1654 rebus
607 1591 678 1655 vult
702 1591 911 1655 antecellere.
947 1590 1034 1654 Hinc
1051 1592 1213 1674 quosdam
1230 1591 1363 1674 perspi-

318 1699 337 1760 5
382 1696 510 1761 caciore
555 1697 709 1779 ingenio,
754 1698 942 1780 complures
985 1697 1156 1763 obtusiore
1198 1698 1362 1762 videmus.

385 1804 494 1881 Quam
518 1806 561 1870 ob
584 1825 654 1869 rem
671 1809 705 1869 et
723 1805 818 1869 Plato
827 1803 854 1888 l)
878 1804 1008 1869 divinus
1024 1804 1238 1870 Aristotelem
1255 1807 1362 1884 fren0,

385 1911 606 1976 Xenocratem
629 1932 708 1976 vero
733 1912 918 1976 calcaribus
942 1911 1091 1992 indigere
1113 1912 1253 1976 dicebat.
1278 1911 1364 1975 Tra-

385 2019 468 2083 dunt
489 2018 628 2101 physici,
653 2039 692 2082 ex
715 2019 855 2082 diversis
877 2039 978 2083 aurae
995 2019 1212 2100 qualitatibus
1230 2018 1364 2084 diversa

386 2125 520 2207 ingenia
542 2126 732 2208 provenire.
779 2125 875 2190 Unde
899 2128 932 2190 et
957 2124 1109 2211 Cicer02)
1139 2125 1249 2201 refert,
1273 2125 1365 2189 The-

299 2234 340 2296 10
384 2232 491 2296 banos
514 2231 616 2295 luisse
641 2231 775 2313 ingenio
798 2233 1004 2314 pinguioreS,
1032 2231 1257 2296 Athenienses
1281 2252 1362 2296 vero

385 2337 646 2422 perspicaciores
670 2341 703 2403 et
728 2339 891 2404 acutiores
916 2339 1083 2404 exstitisse
1111 2339 1250 2416 idcirco,
1283 2338 1365 2420 quia

385 2464 517 2510 crassus
542 2465 598 2509 aer
622 2449 655 2510 et
679 2445 813 2528 pinguis
842 2451 914 2510 erat
942 2447 1082 2524 Thebis,
1111 2446 1254 2510 Athenis
1283 2465 1365 2509 vero

385 2552 491 2617 rarior
523 2555 555 2615 et
585 2551 738 2618 subtilior
767 2554 963 2636 apparebat.
1018 2552 1217 2619 Paucissimi
1248 2553 1364 2616 tamen

386 2659 611 2742 reperiuntur,
636 2660 692 2741 qui
717 2664 839 2725 natura
854 2659 1016 2724 indociles
1033 2661 1110 2724 sint.
1141 2659 1228 2723 Nam
1244 2662 1364 2724 autore

299 2766 338 2832 15
385 2765 525 2850 Fabi03)
551 2765 656 2845 „sicut
679 2786 757 2830 aves
782 2768 824 2832 ad
847 2768 1007 2845 volatum,
1042 2767 1120 2850 equi
1150 2766 1193 2830 ad
1216 2785 1364 2846 cursum,

385 2874 427 2937 ad
451 2872 627 2938 saevitiam
650 2872 740 2937 ferae
764 2877 954 2955 gignuntur,
979 2875 1026 2937 ita
1047 2873 1142 2938 nobis
1158 2872 1295 2955 propria
1311 2877 1364 2937 est

385 2979 506 3044 mentis
544 2979 682 3060 agitatio
721 2985 824 3064 atque
864 2981 1038 3046 sollertia.“
1102 2981 1144 3044 ut
1183 2979 1364 3044 Democriti

384 3087 564 3169 prudentia
587 3087 761 3161 monstrat,
785 3089 823 3150 ut
847 3087 1017 3152 luvenalis
1026 3083 1060 3173 4)
1079 3086 1198 3170 inquit,

388 3194 563 3274 „Summos
587 3214 686 3277 posse
710 3193 798 3258 viros
822 3196 856 3257 et
878 3213 999 3276 magna
1023 3195 1174 3278 exempla
1197 3193 1331 3258 daturos

296 3303 340 3366 ΞΟ
429 3302 612 3366 Verrecnm
636 3301 670 3365 in
694 3301 803 3384 patria
826 3321 1004 3384 crassoque
1029 3302 1091 3365 sub
1116 3321 1193 3364 aere
1218 3298 1336 3365 nasci.“

386 3407 563 3473 Germania
579 3408 689 3488 etiam,
714 3408 866 3490 quamvis
883 3410 925 3473 ad
942 3407 1204 3490 septentrionem
1220 3407 1365 3472 maxime

385 3515 541 3590 declinet,
566 3513 768 3580 acutissimis
785 3518 897 3579 tamen
919 3513 1061 3596 ingeniis
1079 3515 1238 3593 abundat,
1263 3533 1363 3596 quae,

388 3622 416 3685 si
441 3643 461 3686 a
484 3621 630 3704 pueritia
653 3624 743 3685 recte
767 3622 1005 3698 educerentur,
1029 3621 1116 3685 vitae
1140 3620 1368 3702 frugalitatem
1398 3617 1400 3622 ’

386 3732 419 3793 et
452 3729 557 3792 bonas
591 3731 680 3793 artes
710 3728 944 3810 amplectentia
977 3748 1051 3792 curn
1084 3729 1239 3809 superbis
1270 3728 1369 3792 Italis
1467 3793 1468 3810 ,

267 3867 270 3872 ·
297 3836 340 3902 25
386 3837 427 3900 de
445 3835 631 3899 litterarum
647 3835 752 3917 gloria
768 3838 896 3899 certare
915 3854 982 3898 non
1002 3834 1229 3899 formidarent.
1255 3833 1367 3915 Quod,
1467 3883 1468 3922 3
