2960 4336
554 242 597 250 .-
644 209 774 278 97...-

221 382 314 446 tuum
338 384 439 465 teque
462 382 573 465 ipsum
608 362 709 464 arnae,
739 385 964 470 Phocylidisss)
993 386 1071 454 audi
1100 407 1195 472 prae-

222 491 373 573 ceptum:

225 597 330 675 „Dum
354 599 448 662 tener
472 601 522 662 est
545 603 675 680 gnatus,
699 619 877 680 generosos
900 600 1031 666 instrue
1054 606 1192 667 mores.“

131 704 175 766 45
224 702 286 766 Est
315 704 404 768 enim
438 724 522 788 puer·
559 707 729 787 tamquam
759 709 864 772 udum
894 709 928 771 et
957 708 1056 773 molle
1089 709 1196 774 lutum

225 829 424 889 „nuncnunc
455 813 708 895 praeparandus
731 818 774 877 ¹et
807 813 874 878 acri
905 813 1096 897 Fingendus
1125 815 1196 881 sine

221 915 287 980 fine
311 921 416 998 rota“,
446 920 483 983 ut
510 939 550 982 ex
581 940 619 984 eo
647 922 777 985 mature
805 940 864 984 vas
892 920 973 986 utile
996 921 1033 985 in
1057 923 1197 986 ecclesia

223 1024 276 1088 dei
300 1025 455 1091 reluceat.
504 1025 568 1103 Qui
592 1045 670 1090 vero
693 1026 867 1091 iuventute
894 1048 954 1110 per
978 1029 1115 1094 sordida
1139 1049 1197 1093 ne-

222 1133 311 1213 gotia
333 1132 385 1196 vel
410 1133 565 1197 disidiam
587 1134 758 1198 transacta
780 1133 927 1199 instante
942 1134 1008 1199 iarn
1024 1138 1196 1200 senectute

133 1240 178 1304 50
225 1239 370 1321 primum
395 1239 514 1304 litteris
538 1259 657 1304 vacare
681 1243 836 1322 conatur,
866 1241 1045 1323 plurimum
1075 1242 1197 1326 desipit

222 1349 407 1429 meritoque
432 1348 660 1428 coarguendus
684 1351 745 1428 est,
773 1349 810 1412 ut
833 1349 927 1412 illum
950 1349 1040 1431 apud
1064 1349 1197 1414 Petrar-

223 1472 294 1517 cam
305 1449 334 1539 ⁷)
357 1454 524 1518 Daedalus
546 1453 716 1536 increpat:

157 1590 162 1597 ·
249 1561 350 1638 „Sera
360 1559 508 1625 animum
518 1580 602 1643 quae
612 1581 692 1626 cura
704 1561 945 1627 subitlssrevis
955 1581 1031 1627 ecce
1042 1563 1197 1628 iuventae

244 1667 320 1731 Flos
329 1668 458 1733 cecidit.
473 1667 567 1732 Tunc
575 1670 707 1751 tempus
716 1671 801 1748 erat3
814 1670 880 1734 iam
889 1668 1016 1734 discere
1025 1672 1123 1752 turpe
1134 1674 1195 1750 est,

130 1775 174 1838 55
246 1774 344 1852 Quod
367 1775 544 1856 pulchrum
568 1774 722 1840 didicisse
739 1775 838 1840 foret:
863 1776 917 1841 Sic
933 1777 1078 1841 volvitur
1094 1780 1196 1858 aetna,

249 1881 370 1946 Omnia
393 1881 440 1946 sic
463 1880 566 1946 volvit
588 1881 717 1964 fugiens
741 1902 779 1946 ac
803 1882 915 1947 nescia
938 1882 1033 1948 freni.

248 1990 346 2054 Sorte
369 1992 429 2054 tua
451 1992 629 2055 contentus
653 1990 708 2054 abi
731 1989 958 2072 citharamque
982 1990 1152 2073 relinque,

246 2097 306 2161 Est
330 2095 453 2179 quibus
477 2116 496 2161 a
519 2096 644 2160 teneris
667 2099 808 2162 tractata
831 2098 977 2162 suaviter
1001 2097 1127 2162 annis.“

634 2400 693 2464 ΙΙΙ.

131 2516 193 2626 De
205 2555 278 2640 his,
292 2574 396 2646 quae
408 2557 589 2628 studioso
598 2557 840 2630 scholastico
851 2558 1079 2629 necessaria
1091 2562 1196 2629 sunt.

158 2756 173 2819 1
222 2753 382 2820 Studiose
405 2751 567 2821 bonarum
591 2755 716 2821 artium
739 2757 936 2822 scholastico
960 2758 994 2821 et
1009 2757 1045 2820 in
1061 2756 1196 2821 doctum

172 2935 173 2940 ἵ
222 2861 391 2926 hominem
401 2882 541 2927 evasuro
554 2864 635 2927 haec
648 2863 1015 2928 necessariavidentur:
1028 2862 1196 2929 Scientiae

222 2969 400 3051 cupiditas,
433 2988 573 3034 acumen
601 2969 738 3052 ingenii,
774 2969 934 3034 memoria
961 2973 1076 3048 tenax,
1109 2968 1198 3033 bona

125 3105 126 3108 ¹
222 3075 395 3155 valetudo,
441 3076 548 3140 victus
586 3075 792 3158 vestitusque
831 3075 1006 3140 mediocris
1044 3075 1196 3155 facultate,

125 3181 127 3186 ’
154 3184 175 3246 5
223 3181 456 3264 opportunitas
480 3183 553 3262 loci,
577 3183 736 3265 temporis
761 3182 876 3262 otium,
909 3183 1011 3247 animi
1033 3183 1199 3266 tranquil-

222 3289 313 3367 litas,
351 3291 548 3373 praeceptor
582 3290 854 3373 probatissimum
893 3289 1056 3355 librorum
1090 3289 1197 3372 copia,

223 3395 447 3473 studiosorum
482 3397 704 3474 consuetudo,
739 3397 841 3461 studii
877 3397 975 3476 ordo,
1012 3396 1128 3460 modus
1164 3398 1198 3461 et

223 3503 484 3587 perseuerantia.
532 3504 596 3582 Qui
620 3506 741 3568 cuncta
763 3505 845 3569 haec
868 3505 1010 3586 adeptus
1034 3504 1144 3579 fuerit,
1168 3504 1197 3568 is

224 3610 286 3674 deo
299 3611 426 3692 optimo
439 3610 581 3676 maximo
593 3611 774 3692 plurimum
788 3612 986 3693 gratuletur3
998 3610 1197 3692 tempestive

133 3718 177 3784 10
222 3716 372 3799 profecto
402 3718 444 3782 ad
474 3703 597 3782 bonam
628 3717 755 3800 frugem
787 3720 1014 3800 perventurus
1046 3720 1105 3782 est.
1152 3715 1198 3780 At

223 3822 454 3893 difficillimum
478 3828 548 3908 est,
571 3825 722 3910 inquieS,
754 3827 911 3893 universa
940 3825 998 3891 illa
1026 3823 1197 3907 consequi,
