2960 4336
208 897 351 961 loannes
398 897 603 961 llurmellius
654 897 943 963 Ruremundensis
995 899 1181 963 liberalium

120 1003 241 1066 artium
267 1003 424 1067 studiosis
449 1004 657 1068 scholasticis
681 1005 821 1068 salutem
848 1006 936 1069 dicit.
964 1039 1000 1053 —-

210 1109 367 1176 Triviales
392 1110 527 1192 quidam
552 1112 765 1191 litteratores,
795 1112 863 1183 nbi,
891 1112 999 1176 aliena
1027 1114 1079 1177 vel
1104 1113 1182 1176 doc-

123 1216 208 1280 trina
231 1217 283 1281 rel
307 1217 488 1299 scriptione
513 1217 634 1294 adiuti,
664 1237 768 1282 unum
797 1220 855 1282 aut
883 1219 1023 1282 alterum
1049 1222 1181 1301 poetam

119 1328 326 1396 enarrarunt
344 1344 419 1390 mox
437 1344 475 1388 eo
486 1309 696 1406 'arrogantiae
709 1324 1020 1407 ingratitudinisque
1035 1325 1181 1405 veniunt,

116 1433 154 1494 ut
191 1429 429 1495 beneficiorum
465 1431 499 1494 in
531 1451 565 1494 se
596 1432 792 1496 collatorum
825 1433 1051 1513 immemoreS,
1086 1434 1181 1514 quasi

115 1540 226 1602 totum
252 1537 423 1602 Heliconis
441 1539 564 1603 fontem
586 1539 645 1602 soli
673 1538 849 1622 epotarint,
874 1540 1039 1604 neminem
1064 1541 1181 1605 melius

117 1664 218 1726 quam
243 1665 278 1708 se
303 1644 520 1708 scholasticos
546 1646 719 1710 docturum
748 1647 857 1727 palam
883 1647 995 1710 ausint
1017 1645 1180 1712 iactitare.

225 1800 397 1817 ......
431 1752 536 1830 „Quid
562 1772 628 1816 non
653 1753 805 1816 mortalia
828 1755 964 1834 pectora
987 1754 1077 1835 cogis

291 1859 374 1923 Auri
398 1877 490 1922 sacra
513 1858 653 1923 fames!“
682 1911 688 1924 .
715 1913 720 1923 .
748 1912 753 1923 .
781 1912 786 1924 .
814 1913 819 1924 .
847 1860 889 1938 .¹)

208 1967 291 2030 Prae
323 1965 425 2029 nimia
456 1967 619 2047 pecuniae
651 1967 835 2047 cupiditate
870 1967 1029 2049 neglectis
1063 1967 1180 2032 officiis

116 2072 267 2154 plerique
292 2092 351 2136 sna
374 2072 587 2154 impudenter
603 2073 768 2154 ingerunt,
793 2093 934 2155 qnorum
950 2075 1054 2156 magis
1071 2075 1181 2139 aliena

117 2179 303 2243 verecunde
339 2179 467 2242 discere
502 2180 690 2244 interesset.
739 2181 804 2244 Sed
837 2181 919 2266 quid
953 2180 1038 2245 suat
1075 2181 1180 2246 Immo

119 2285 238 2350 aliena.
272 2286 418 2352 Tametsi
443 2288 594 2351 homines
619 2287 710 2350 scioli
736 2287 849 2351 attrita
866 2289 974 2352 fronte
990 2288 1055 2352 sibi
1071 2288 1180 2352 aliena

116 2410 251 2474 quoque
275 2393 452 2456 vendicare
483 2413 709 2476 usurpareqne
738 2393 822 2458 nihil
847 2396 1035 2458 vereantur.
1082 2395 1179 2459 Unde

114 2499 199 2562 illud
225 2499 436 2564 verissimum
458 2501 704 2582 comprobatur,
730 2502 820 2582 quod
836 2503 922 2564 teste
940 2499 1180 2586 Hieronymor)

116 2607 205 2687 apud
222 2606 366 2670 Graecos
383 2608 534 2688 ponitur:
561 2607 751 2688 ,Imperitia
769 2607 1015 2686 confidentiam,
1038 2608 1180 2671 eruditio

23 2717 24 2722 ’
114 2714 271 2776 timorem
295 2716 415 2777 creat.“

207 2819 318 2898 ,Nihil
343 2821 438 2902 peius
462 2823 512 2884 est
528 2820 601 2899 iis“,
625 2822 662 2884 nt
681 2821 839 2904 Fabiusss)
863 2821 919 2900 ait,
947 2821 1025 2903 „qui
1042 2823 1178 2902 paulum

112 2927 239 3009 aliquid
255 2928 342 2992 ultra
354 2929 479 3009 primas
493 2930 620 2993 litteras
633 2931 798 3012 progressi
812 2929 929 2994 falsam
943 2928 1005 2993 sibi
1020 2929 1178 2994 scientiae

112 3035 367 3116 persuasionem
392 3036 583 3099 induerunt.
633 3036 717 3100 Nam
746 3038 779 3100 11
808 3037 926 3100 cedere
951 3035 1180 3116 praecipiendi

112 3141 232 3222 peritis
257 3141 472 3223 indignantur
495 3145 528 3206 et
544 3142 635 3206 velut
651 3143 723 3207 iure
741 3143 885 3224 quodam
902 3142 1088 3225 potestatis,
1113 3163 1180 3224 qna

113 3247 184 3310 fere
208 3249 270 3311 hoc
303 3249 473 3313 hominum
504 3269 608 3331 genus
636 3248 843 3330 intumescit,
875 3249 1047 3331 imperiosi
1078 3251 1179 3331 atque

112 3356 248 3420 interim
278 3357 466 3420 saevientes
496 3357 673 3422 stultitiam
703 3377 798 3422 suam
826 3357 1039 3440 perdocent.“
1090 3357 1179 3435 Qua-

112 3466 253 3543 propter
277 3464 370 3527 vobis
395 3465 542 3542 consulo,
571 3465 769 3543 scholastici,
802 3465 993 3546 quicunque
1016 3467 1179 3530 bonarum

188 3659 209 3716 ²l
230 3658 329 3725 Vergil.
349 3659 446 3710 Aeneis
467 3660 512 3711 lll.
531 3661 573 3714 56.
594 3662 636 3715 57.

187 3746 210 3806 ll
230 3746 415 3814 Hieronymus.
435 3749 556 3814 Epistola
576 3749 607 3799 ad
628 3749 778 3816 Evagrium.

187 3836 210 3901 ⁸)
229 3835 262 3885 M.
283 3835 380 3887 Fabius
401 3837 591 3899 Quintilianus.
612 3838 728 3892 Institut.
754 3840 849 3890 orator.
873 3837 890 3887 l.
914 3840 934 3890 l.
954 3841 978 3888 8.

965 3963 983 4024 1
