2960 4336
573 202 793 270 *99*-

220 379 326 460 Quam
350 381 459 465 possit
483 365 621 447 summis
645 382 770 448 nitatur
793 383 930 460 viribus,
954 386 993 449 ut
1015 403 1058 450 ne

265 507 399 572 Imbuat
422 509 583 591 exemplis
607 509 720 574 mollia
743 509 843 574 corda
867 510 973 588 malis,

218 633 262 698 Et
284 633 393 698 bonus
417 633 597 698 admoneat
619 634 760 699 virtutes
783 654 857 699 esse
881 634 1049 717 magister,

149 760 188 842 8)
265 756 412 822 Crimina
436 758 609 842 discipulis
633 778 701 824 non
723 758 886 824 imitanda
910 759 988 824 suis.

218 884 343 949 Multus
368 885 398 948 ei
422 903 532 948 sermo
556 885 600 950 sit
626 886 666 949 de
688 886 868 968 probitate,
893 905 954 949 nec
978 904 1127 969 unquam

262 1009 372 1073 Foeda
394 1009 605 1075 iuventutem
630 1010 758 1074 discere
782 1010 905 1092 scripta
928 1011 1031 1089 sinat3

218 1133 554 1216 Amphitryoniadem
577 1135 709 1201 Prodici
720 1136 747 1219 1)
769 1137 937 1218 proponat
960 1139 992 1200 et
1016 1138 1140 1200 arctam

150 1262 208 1344 lu)
262 1259 413 1325 Iustitiae
438 1251 554 1326 doceat
578 1258 813 1343 difficilemque
837 1261 934 1325 viam.

630 1563 730 1628 XXII.

348 1720 408 1790 De
431 1720 547 1792 simia
567 1720 775 1791 hominum
797 1721 1015 1793 imitatrice.

214 1902 309 1980 Quae
332 1902 459 1967 iaciunt
483 1902 645 1980 homines
669 1902 795 1966 imitari
819 1901 915 1966 sirnia
938 1901 1045 1983 turpis

147 2031 184 2113 i)
261 2027 419 2108 Conatur‚
444 2047 559 2093 verum
584 2026 680 2092 simia
702 2027 802 2093 bruta
825 2031 946 2092 manet.

622 2330 739 2395 XXIII.

290 2507 419 2577 Nemo
443 2525 486 2576 se
510 2506 637 2586 muita
659 2505 846 2576 didicisse
870 2506 1066 2596 glorietur,

185 2631 260 2703 sed
283 2649 339 2715 ea,
364 2650 468 2722 quae
492 2631 639 2715 didicit,
663 2632 866 2720 professor
888 2630 1165 2719 unusquIsque

389 2757 530 2828 sedoIo
553 2757 596 2826 in
617 2756 795 2827 medium
818 2756 966 2827 offerat.

237 2939 276 3002 In
298 2938 433 3021 pascuis
457 2959 535 3004 oves
559 2938 707 3004 nutritae
731 2937 910 3021 pinguibus

236 3063 312 3126 Non
336 3063 519 3146 gloriantur
541 3063 743 3146 vesperi‚.se
765 3063 946 3146 plurimum

236 3187 410 3269 Carpsisse
433 3187 602 3270 graminis
626 3192 662 3253 at
685 3188 754 3252 suis
777 3188 968 3269 pastoribus

143 3313 182 3396 4)
237 3310 348 3377 Lanae
373 3311 499 3378 affatim
522 3312 669 3395 bonique
692 3312 787 3378 lactis
811 3316 1000 3393 suggerunt.

236 3437 290 3503 Sic
313 3437 501 3503 liberalium
524 3436 692 3522 professor
716 3437 838 3502 artium

235 3564 278 3629 Se
300 3563 446 3646 piurima
470 3563 624 3628 didicisse
649 3583 691 3627 ne
715 3562 897 3640 iactaverit,

235 3689 303 3754 Sed
326 3687 491 3771 quidquid
515 3693 575 3767 est,
599 3689 688 3771 quod
712 3687 839 3767 didicit,
863 3688 898 3751 in
914 3687 1061 3752 medium
1079 3687 1205 3768 afferat,

142 3817 181 3900 8)
234 3813 332 3878 Modo
355 3813 537 3898 discipulus
560 3813 639 3878 hinc
663 3812 789 3877 doctior
812 3810 884 3876 fieri
910 3815 1012 3894 queat
