2960 4336
548 174 770 237 „23-

621 385 691 450 Vll.

338 523 431 594 Non
454 543 542 595 esse
565 524 652 596 aliis
676 524 978 596 detrahendum.

216 668 323 747 Absit,
347 669 375 732 si
399 670 546 750 prudens
571 669 620 734 vir
645 689 690 750 es
717 672 753 734 ut
778 669 935 734 detractio
959 669 1027 750 fiat,

261 794 308 857 Te
334 796 416 858 nulli
440 797 549 860 astuta
573 815 652 860 voce
677 816 797 860 nocere
822 797 936 876 decet3

218 919 364 1003 Obloqui
388 921 423 984 in
447 922 602 984 absentes
626 921 910 1003 importunissima
933 941 986 985 res
1011 924 1072 1002 est,

127 1047 162 1129 4)
261 1046 335 1124 Qua
358 1045 512 1110 Themim
536 1046 710 1127 expellunt
733 1046 962 1129 iustitiamque
986 1046 1060 1111 duo.
1174 1043 1175 1046 ’

214 1169 376 1254 Quisquis
400 1172 506 1252 abest,
531 1173 710 1236 detractori
734 1173 899 1236 laceratur
921 1171 1055 1254 inique3

263 1296 350 1360 Huic
375 1316 509 1378 quoque
533 1296 590 1378 qui
613 1297 728 1375 credit,
752 1295 951 1378 insipienter
976 1296 1052 1378 agit,

213 1421 368 1505 Namque
392 1421 485 1505 prius
503 1421 617 1496 credit,
642 1441 744 1503 quam
760 1441 812 1485 res
831 1425 1001 1504 comperta
1017 1419 1190 1502 probetur,

127 1548 159 1629 8)
259 1547 413 1629 Dumque
438 1547 540 1627 audit,
566 1546 674 1610 rabidi
698 1551 857 1629 provocat
880 1567 939 1611 ora
962 1545 1034 1610 viri.

612 1797 700 1861 Vlll.

444 1937 504 2007 De
526 1938 683 2027 ingrato
705 1936 877 2006 homine.

212 2081 359 2148 Foedius
382 2083 510 2164 ingrato
535 2081 619 2166 nihil
643 2083 702 2160 est,
728 2081 818 2163 quod
840 2082 995 2163 procreet
1019 2079 1119 2163 orbis

130 2208 163 2288 l)
263 2205 411 2271 Invisum
435 2206 527 2271 coelo
551 2205 597 2270 nil
620 2205 723 2287 magis
748 2204 816 2270 edit
839 2206 969 2269 humus.

632 2455 684 2520 IX.

530 2596 579 2665 In
602 2594 789 2666 Gaurum.

216 2741 350 2820 Nescio,
376 2760 433 2804 cur
456 2739 544 2804 trisli
567 2740 662 2804 vultu
685 2739 852 2804 videare?
870 2739 928 2802 Vel
952 2740 1026 2803 atra

128 2869 163 2952 l)
262 2866 340 2931 Sors
365 2865 427 2930 tibi
449 2865 501 2930 vel
526 2865 622 2930 nobis
646 2863 782 2946 contigit
805 2863 890 2943 alba,
915 2863 992 2927 scio.

643 3114 680 3178 X.

446 3255 510 3325 Ad
531 3254 616 3325 ludi
637 3253 880 3344 magistrum.

266 3364 351 3465 Lucii
374 3399 578 3482 grammatici
602 3400 769 3482 magister,
794 3402 865 3463 esto

267 3527 395 3591 Morum
419 3524 592 3607 discipulis
618 3525 684 3588 luis
707 3525 886 3606 probatum

267 3651 453 3732 Exemplar,
478 3651 566 3733 quod
589 3651 709 3726 ament,
734 3650 853 3729 colant,
878 3650 1070 3731 sequantur.

266 3778 330 3843 Fac
354 3796 487 3859 semper
510 3779 614 3860 magis
638 3779 776 3859 expetas
800 3795 919 3840 eorum
