2960 4336
563 189 784 253 ..25-

213 369 295 430 Sum
318 386 459 450 pauper,
485 366 597 431 multis
622 386 716 448 egeo:
741 385 829 430 nunc
852 367 1001 430 vestibus
1026 384 1115 444 usus,

255 491 352 556 Nunc
376 511 461 575 opus
485 496 535 556 est
558 487 661 572 libne,
686 511 748 556 nec
771 490 943 556 toleranda
965 492 1078 556 fames,

210 616 337 681 Recula
361 617 488 681 crudeli
512 617 601 681 bello
625 620 676 682 est
700 617 830 698 direpta
852 618 1039 699 parentum,

143 744 180 826 8)
257 741 425 806 Hactenus
450 742 592 824 expendi
616 745 713 825 parta
736 743 849 806 labore
874 742 973 806 lucra.

212 867 247 931 Si
271 868 493 932 subveneritis
515 868 635 950 pretio,
660 865 843 950 profitebor
868 867 1061 934 Homerum.

257 991 413 1058 Carmina
436 993 585 1058 Lucretii
609 993 811 1075 Vergiliique
835 993 955 1070 libros3

215 1119 264 1183 Ex
287 1120 359 1183 odis
383 1118 491 1184 Flacci
519 1119 625 1183 varios
649 1137 849 1202 componere
873 1137 988 1182 versus

80 1259 82 1263 ·
147 1247 203 1328 lb)
258 1243 306 1307 Ex
330 1244 442 1308 satiris
465 1263 575 1308 mores
599 1263 724 1326 rosque
749 1244 875 1307 docebo
899 1244 982 1326 pios.

212 1368 385 1451 Quidquid
409 1368 576 1433 dictarunt
600 1369 665 1446 alii,
689 1389 763 1433 mea
787 1369 908 1433 scrinia
932 1371 1075 1446 servant,

258 1492 349 1570 Quae
373 1492 499 1557 Badius
510 1493 536 1578 ¹)
560 1494 705 1575 scripsit,
729 1493 839 1558 omnia
863 1494 949 1558 lecta
973 1491 1062 1555 mihi.

213 1617 348 1681 Persius
372 1618 534 1682 obscurus
557 1619 655 1701 vulgo
679 1616 819 1682 sortasse
844 1618 983 1694 videtur,

148 1745 204 1827 16)
257 1744 362 1806 Marte
386 1763 460 1806 meo
484 1742 604 1807 illustri
629 1742 755 1807 lumine
780 1743 889 1806 clarus
914 1741 986 1806 erit.

212 1869 317 1932 Marte
344 1889 416 1933 meo
440 1868 569 1932 mendis
592 1887 734 1933 vacuum
759 1867 934 1932 celebratis
959 1887 1108 1948 agonem,

258 1993 413 2071 Romani,
436 1993 586 2056 tenebris
610 1993 737 2057 obsitus
762 1996 838 2057 ante
863 1991 935 2057 fuit.

214 2117 297 2194 Quis
321 2120 469 2183 vestrum
493 2119 611 2183 merito
635 2139 687 2182 me
713 2117 923 2183 defraudabit
946 2117 1093 2181 honore?

148 2245 205 2326 lo)
260 2245 327 2308 Sed
351 2245 436 2308 bene
460 2246 632 2309 nummato
655 2243 730 2307 vilis
754 2244 896 2308 habetur
920 2242 1041 2306 honor!

214 2369 291 2433 Sint
312 2369 395 2433 mihi
418 2389 480 2452 pro
505 2368 651 2433 numeris
676 2369 814 2449 nummi,
838 2388 898 2451 pro
916 2369 1063 2432 carmine
1081 2386 1208 2444 carnee,

257 2495 321 2557 Pro
345 2493 446 2558 Musis
470 2495 590 2573 mulae,
615 2492 702 2558 fama
726 2495 769 2557 sit
793 2494 919 2575 absque
943 2491 1060 2558 fame.“

214 2619 305 2684 Haec
328 2618 475 2700 loquitur
499 2619 641 2698 Gaurus
666 2619 773 2693 vitans
797 2638 878 2682 cane
903 2617 998 2697 peius
1023 2618 1057 2679 et
1081 2635 1186 2699 angue

147 2745 204 2826 tlt)
258 2725 467 2825 Pauperiem,
490 2763 628 2824 magnas
653 2743 732 2808 dum
756 2744 820 2808 sibi
845 2742 976 2824 quaerit
1001 2760 1090 2823 opes.

215 2869 343 2950 Captus
368 2868 506 2932 avaritia
531 2889 598 2933 non
622 2869 776 2933 aestimat
798 2868 880 2932 assis
905 2867 1090 2930 honestum.

258 2993 322 3070 Qui
346 2993 499 3075 sophiam
524 2993 639 3074 nescit,
664 2994 862 3074 insipienter
885 2991 961 3074 agit.

213 3117 257 3181 At
281 3119 416 3200 sapiens
441 3118 570 3200 Lydum
594 3117 795 3201 contempsit
820 3114 1005 3202 Pittacus2)
1028 3135 1157 3195 aurum,

148 3244 205 3327 28)
260 3242 470 3308 Democritus
481 3243 509 3328 ³)
533 3244 623 3308 culto
647 3244 746 3308 corde
770 3241 908 3324 reliquit
932 3261 1037 3324 agros,

215 3367 258 3433 Et
282 3365 502 3453 Periander4)
526 3370 588 3434 ait:
615 3368 773 3449 „Nummi
797 3369 844 3432 nil
869 3367 983 3432 feceris
1008 3368 1118 3449 ergol“

258 3492 509 3577 Thebanusque
535 3493 690 3580 Cratesl)
713 3494 747 3556 in
770 3513 862 3557 mare
886 3493 963 3557 iecit
986 3511 1076 3574 opes,

181 3649 184 3656 ⁴
214 3617 307 3682 Auro
331 3617 464 3682 divinus
490 3615 697 3696 Pherecydes
710 3613 735 3694 ⁶)
761 3614 908 3695 dempsit
931 3614 1104 3689 bonorem,

148 3745 205 3829 32)
257 3742 353 3806 Unde
378 3742 486 3805 solent
510 3741 636 3804 homini
660 3739 763 3802 multa
786 3737 899 3802 venire
923 3737 1019 3806 mala.
