2960 4336
710 215 931 282 „qq-

380 394 480 458 rebus
504 413 673 459 cessamus
697 396 731 459 ct
755 396 791 460 in
813 395 948 479 pigritia
971 396 1246 460 contabescimus.
1278 395 1352 458 Hoc

312 501 331 562 5
378 491 585 581 ἁφιλοκαλόν,
614 499 819 580 illiteratum,
850 501 940 565 iners
964 520 1168 584 prorsusque
1191 504 1289 583 turpe
1313 520 1353 566 ac

380 607 577 672 detestabile
602 610 667 687 est,
702 608 792 690 quod
819 629 881 673 nos
905 607 1006 672 etiam
1029 609 1119 674 omni
1143 608 1353 673 humanitate

381 714 470 778 exuit
502 716 535 778 et
564 714 651 779 infra
682 715 797 779 brutas
826 715 1013 780 animantes
1040 716 1170 798 redigit.
1218 717 1266 780 De
1289 717 1353 781 hoc

381 819 556 904 Seneca¹):
583 821 716 900 „Otium
739 822 810 886 sine
834 821 954 887 litteris
977 843 1066 887 mors
1088 826 1138 887 est
1159 824 1192 886 et
1206 823 1352 888 hominis

377 928 443 993 rivi
472 930 677 1012 sepultura.“
727 929 799 994 Hoc
830 931 873 994 ad
902 930 1058 995 libidines
1088 931 1122 994 et
1154 930 1196 994 ad
1219 949 1354 994 omnem

296 1037 336 1100 10
380 1035 670 1118 intemperantiam
693 1056 818 1121 pronos
842 1037 953 1102 efficit.
999 1037 1163 1114 Quocirca
1186 1037 1220 1101 in
1243 1037 1353 1119 primo

376 1143 545 1207 volumine
570 1144 610 1206 de
634 1143 756 1209 amoris
779 1144 926 1208 remedio
947 1145 1033 1208 bene
1050 1143 1190 1209 Ovidius
1201 1142 1228 1229 2)
1252 1144 1354 1209 dixit:

382 1248 479 1329 „Otia
502 1250 530 1314 si
553 1251 662 1329 tollas,
686 1251 816 1333 periere
840 1251 1006 1333 cupidinis
1030 1270 1139 1332 arcuS,

423 1356 707 1440 Contemptaeque
730 1357 839 1422 iacent
863 1362 896 1422 et
920 1357 990 1423 sine
1015 1359 1088 1423 luce
1112 1359 1210 1423 faces

378 1463 486 1541 Quam
509 1465 666 1547 platanus
691 1467 761 1529 rivo
788 1467 919 1547 gaudet,
947 1485 1049 1548 quam
1076 1466 1221 1548 populus
1251 1466 1354 1547 unda,

293 1574 332 1638 15
425 1572 466 1635 Et
491 1592 592 1655 quam
615 1573 733 1637 limosa
757 1593 863 1637 canna
887 1573 1048 1654 palustris
1071 1573 1189 1638 humo:

380 1679 463 1743 Tam
486 1681 598 1744 Venus
621 1681 690 1744 otia
713 1683 833 1745 amat2“

379 1786 422 1851 Et
447 1786 530 1850 alius
554 1789 653 1868 poeta
676 1805 744 1851 non
767 1787 905 1871 illepide
930 1787 1066 1852 cecinit:

381 1894 478 1972 „Non
501 1893 536 1957 in
560 1893 687 1964 deliciis
711 1895 918 1977 praestantia
940 1894 1076 1959 nomina
1099 1895 1225 1975 vivunt,

425 1999 503 2080 Otia
526 2020 592 2064 non
614 1999 701 2064 inter
724 2001 837 2065 mollia
861 2001 967 2083 surgit
989 2002 1127 2067 honos“

291 2109 335 2172 20
381 2108 477 2172 Plato
501 2109 570 2172 suis
595 2107 766 2191 discipulis
790 2108 899 2172 dicere
923 2108 1065 2173 solebat:
1099 2108 1197 2187 ,Otio
1221 2109 1355 2174 labores

380 2215 1351 2298 anteponite,uirubiginemsplendoripraestareputatist“

380 2321 476 2386 Unde
493 2323 525 2386 et
546 2321 699 2404 Baptista
715 2323 917 2387 Mantuanus
927 2322 955 2408 ὃ)
978 2324 1013 2386 in
1030 2322 1137 2405 primo
1154 2322 1355 2388 Parthenios

380 2431 427 2494 sic
451 2429 600 2516 scripsit:

720 2538 856 2620 „Pigros
881 2538 1033 2619 rubigine
1057 2556 1175 2601 sensus

292 2643 332 2706 25
427 2644 503 2708 Otia
526 2646 714 2724 corrodunt,
740 2643 917 2726 sopitaque
941 2648 1076 2726 pectora
1099 2646 1197 2726 topor

427 2751 553 2815 Noxius
577 2751 734 2832 obliquat.
760 2752 908 2829 Ferrum,
933 2751 961 2814 si
985 2750 1163 2814 transitio
1184 2769 1276 2831 usus,

424 2857 570 2923 Assiduo
594 2858 772 2941 splendore
796 2857 907 2938 micat,
930 2857 1088 2938 vultuque
1113 2856 1231 2920 nitenti

425 2964 538 3029 Audet
561 2966 603 3029 ad
627 2965 754 3047 argenti
780 2965 882 3029 decus
907 2965 1054 3047 aspirare
1078 2965 1276 3046 superbum3

424 3070 469 3135 At
493 3071 520 3134 si
545 3073 642 3153 longa
665 3070 762 3152 quies
786 3070 870 3152 ierit,
894 3071 1044 3136 fuscatur
1068 3072 1102 3136 et
1126 3074 1232 3136 atram

293 3180 335 3242 30
424 3178 570 3243 Vertitur
586 3179 621 3242 in
639 3178 784 3242 scabiem
801 3178 968 3261 celerique
986 3176 1171 3242 absumitur
1184 3182 1296 3242 aevo.“
1313 3214 1357 3224 ——

380 3285 534 3349 Alterum
559 3290 609 3350 est
632 3286 747 3364 otium,
773 3304 839 3368 quo
856 3286 987 3350 animus
1004 3305 1023 3348 a
1040 3284 1183 3367 negotiis
1199 3285 1356 3350 civilibus

380 3393 421 3456 ad
446 3391 630 3480 sapientiae
654 3392 764 3457 studia
788 3394 820 3457 et
836 3391 1151 3475 contemplationem
1167 3391 1355 3458 abducitur.

380 3500 421 3563 Et
444 3500 507 3563 hoc
530 3519 610 3563 sane
635 3490 824 3580 prlouuldv,
854 3485 1049 3578 litteratum,
1077 3518 1256 3582 operosum
1279 3499 1357 3582 pul-

381 3606 648 3688 cherrimumque
681 3609 716 3670 et
744 3626 844 3689 super
873 3607 984 3671 omnia
1008 3606 1173 3671 laudabile
1197 3609 1259 3670 est.
1308 3607 1357 3671 Dc

292 3715 333 3779 35
381 3733 446 3795 quo
462 3713 630 3796 Tullius4)
651 3714 686 3778 in
703 3713 819 3798 quinto
837 3714 1101 3778 Tusculanarum
1118 3713 1357 3794 quaestionum

380 3822 466 3886 libro
490 3822 551 3887 ait:
583 3821 692 3902 „Quid
715 3822 765 3885 est
788 3821 879 3885 enim
901 3820 1032 3885 dulcius
1055 3820 1124 3886 otio
1147 3820 1354 3887 litterario?“
