2960 4336
15 3372 21 3583 l

539 223 760 297 „45⁴-

208 411 265 493 qui
294 411 490 492 „Sophista“
516 411 723 491 inscribitur,
748 430 816 477 non
839 414 1089 492 praeceptores
1121 412 1180 476 sed

207 519 398 583 seductores
429 537 467 582 ac
498 519 766 602 praestigiatores
796 519 943 600 appellat
972 517 1024 582 his
1053 519 1179 582 verbis:

180 701 182 703 ,
208 626 430 704 „Seductores
462 627 557 707 quasi
595 626 782 708 praestigiis
814 625 1013 708 quibusdam
1045 627 1179 690 utentes

206 732 476 796 adulescentulos
498 733 615 814 procul
639 754 657 798 a
680 735 786 797 verita
752 735 820 797 tate
844 751 955 795 rerum
979 731 1087 796 adhuc
1112 733 1180 795 exi-

115 838 158 902 35
206 842 333 903 stenes
369 839 569 921 decipiuntf‘
627 840 768 904 Maxime
803 839 902 903 etiam
938 837 1063 902 vitandi
1102 841 1180 904 suut

205 945 339 1026 gloriosi
375 946 510 1028 quidam
543 947 710 1024 homineS,
747 947 821 1028 qui,
857 949 894 1010 ut
928 943 1087 1030 Fabius5)
1122 946 1179 1023 ait,

209 1052 364 1133 ,paulum
400 1053 526 1136 aliquid
560 1056 650 1118 ultra
684 1053 810 1136 primas
845 1052 974 1117 litteras
1012 1053 1179 1136 progressi

205 1159 323 1223 falsam
346 1159 409 1224 sibi
433 1161 590 1225 scientiae
612 1162 864 1242 persuasionem
878 1161 1068 1224 induerunt.
1095 1159 1180 1224 Nam

206 1269 239 1330 et
263 1267 380 1330 cedere
404 1266 633 1350 praecipiendi
657 1266 774 1349 peritis
797 1267 1011 1349 indignantur
1035 1268 1069 1330 et
1089 1267 1181 1330 velut

115 1375 160 1438 40
206 1374 279 1439 iure
310 1375 456 1455 quodam
483 1374 676 1454 potestatis
713 1394 780 1458 quo
810 1373 884 1466 ¹fere
916 1375 978 1438 hoc
1008 1372 1180 1438 hominum

205 1501 308 1562 genus
324 1480 525 1562 intumescit,
541 1481 713 1563 imperiosi
730 1485 832 1564 atque
844 1481 979 1546 interim
993 1481 1179 1547 saevientes

206 1588 381 1652 stultitiam
410 1609 502 1652 suam
533 1589 746 1670 perdocent.“
778 1627 822 1634 —
853 1590 922 1654 Sed
943 1609 1004 1652 nec
1028 1588 1076 1652 illi
1100 1607 1179 1670 pro-

204 1695 306 1760 bandi
330 1699 418 1774 sunt,
444 1697 511 1778 qui,
536 1697 598 1760 etsi
623 1696 703 1760 satis
729 1695 865 1760 litterati
888 1695 1065 1775 habentur,
1089 1698 1179 1760 recte

206 1804 319 1866 tamen
342 1822 465 1884 pueros
482 1823 549 1866 non
565 1802 756 1883 instituunt,
781 1803 840 1866 sed
856 1789 999 1867 libentei
1016 1799 1179 1883 detinent,

113 1910 158 1972 45
206 1908 328 1990 partim
374 1910 559 1991 cupiditate
605 1909 731 1974 diutius
771 1909 922 1991 exigendi
961 1908 1178 1988 mercedulaS,

207 2015 329 2097 partim
353 2016 548 2088 ambitione
580 2036 646 2098 quo
677 2015 844 2080 difficilius
874 2014 933 2096 sit,
965 2015 1055 2098 quod
1083 2015 1179 2096 polli-

207 2126 332 2202 centur,
357 2127 389 2187 et
411 2126 449 2187 ut
473 2123 614 2188 diffusae
639 2124 741 2189 doet'
701 2128 809 2188 trinae
832 2123 1008 2206 variaeque
1026 2121 1179 2186 lectionis

205 2229 400 2309 rideantur,
446 2230 634 2314 partime
617 2231 716 2294 etiam
758 2229 890 2294 inscitia
930 2228 1085 2294 tradendi
1126 2228 1179 2292 vel

207 2337 416 2418 negligentia,

611 2553 692 2616 XVI.

189 2709 326 2803 Qualis
350 2711 402 2780 sit
424 2710 554 2780 bonus
577 2713 814 2798 praeceptor
837 2713 877 2778 et
901 2727 1003 2796 quae
1028 2708 1108 2777 sint

523 2817 608 2886 eius
632 2816 772 2886 officia.

140 2983 156 3046 1
203 2979 318 3044 Bonus
342 2982 501 3062 praecept
503 2983 595 3045 oret
624 2979 759 3060 dignuS,
790 2978 847 3060 qui
877 2978 990 3059 pueris
1021 2977 1177 3043 docendis

205 3086 377 3168 praeficiat
379 3107 429 3167 ur,
454 3087 495 3150 sit
519 3086 678 3169 singulari
704 3084 790 3150 virtu
770 3089 826 3150 ute
855 3087 887 3148 et
911 3084 1060 3149 doctrina
1082 3105 1178 3167 prae-

207 3195 255 3259 dit
242 3198 310 3272 tue,
349 3214 425 3258 cum
454 3215 473 3258 a
505 3193 679 3274 sermome,
718 3195 791 3258 tum
827 3191 967 3257 maxime
1000 3213 1019 3256 a
1049 3211 1177 3256 morum

206 3300 360 3366 barbarie
372 3301 511 3381 alienuS,
522 3302 709 3366 studiorum
720 3299 1177 3382 humanitatisperitissimus‚

137 3411 159 3474 5
206 3430 267 3474 nec
292 3407 374 3473 sciat
397 3409 527 3474 modo'
518 3428 591 3490 ipse
615 3411 711 3488 artes,
735 3428 850 3471 rerum
874 3406 975 3471 etiarn
999 3406 1176 3497 diligentia,
1272 3466 1274 3471 .

206 3517 305 3580 modo
333 3518 366 3579 et
397 3514 522 3580 ratione
551 3516 678 3596 optima
705 3515 740 3580 in
768 3513 940 3580 tradendis
964 3513 1030 3577 illis
1054 3515 1176 3578 utatur

207 3623 331 3688 Caveat
316 3622 528 3703 timprimiS,
552 3641 604 3696 ne,
629 3626 667 3686 ut
690 3621 842 3704 plerique
858 3620 993 3700 faciunt,
1018 3640 1177 3702 superva-

206 3731 319 3795 caneis
354 3730 619 3793 rudimentorum
654 3728 885 3810 grammatices
920 3728 1111 3810 praeceptis
1143 3730 1177 3790 et

207 3836 336 3902 diffusis
371 3835 537 3917 variisque
568 3835 787 3916 plurimorum
818 3835 1054 3899 vocabulorum
1089 3833 1177 3900 circa
