2960 4336
558 179 778 247 ,57-

230 360 350 427 eximia
374 363 409 426 et
432 359 596 437 salutaris,
626 377 725 441 quam
755 356 836 422 mihi
864 357 922 422 uni
946 355 1091 422 sciturus
1114 374 1197 420 sum.

230 468 267 534 Si
290 487 366 532 cum
393 469 454 532 hac
485 465 676 550 exceptione
707 465 805 530 detur
833 462 1013 546 sapientia,
1043 465 1080 528 ut
1108 461 1199 526 illam

142 576 185 640 40
228 574 392 640 inclusam
414 577 548 638 teneam
571 592 632 638 nec
655 572 835 650 enuntiem,
864 569 1018 636 reiiciam.
1066 568 1197 633 Nullius

229 680 308 746 boni
343 679 416 745 sine
452 679 540 745 socio
575 679 719 744 iucunda
753 681 803 743 est
836 679 1034 761 possessio.“
1094 676 1198 740 Divus

229 785 462 873 Ambrosiusss)
493 787 529 852 in
561 787 707 852 secundo
743 785 903 850 librorum
932 783 1123 849 officialium
1152 783 1199 848 sic

230 893 295 959 ait:
336 893 443 974 „Quid
474 893 563 958 enim
590 892 741 976 prodest,
773 893 898 956 habere
927 889 1135 973 sapientiam,
1170 891 1198 955 si

232 1000 408 1067 consilium
431 1020 541 1083 aegeo,
565 1001 592 1064 si
617 999 814 1064 consulendi
838 998 1040 1063 intercludas
1057 997 1196 1079 copiam.

142 1107 184 1174 45
233 1107 389 1172 Clausisti
407 1109 543 1188 fontem,
559 1113 597 1171 ut
612 1126 673 1171 nec
690 1106 762 1170 aliis
778 1105 895 1170 influat
911 1124 971 1169 nec
988 1104 1048 1168 tibi
1060 1103 1195 1189 prosit.“

619 1337 719 1402 XXII.

349 1478 409 1549 De
432 1476 656 1548 studiorum
679 1477 817 1547 ordine
840 1480 881 1547 et
902 1476 991 1546 fine.

168 1643 182 1706 1
231 1642 393 1723 Superest
416 1658 515 1717 nunc,
538 1640 576 1704 ut
600 1639 640 1704 de
664 1638 767 1703 studii
791 1638 919 1717 ordine,
942 1639 1040 1704 modo
1064 1658 1102 1704 ac
1122 1658 1199 1722 per-

231 1746 420 1813 severantia
450 1766 511 1830 pro
546 1746 703 1829 ingenioli
739 1745 847 1810 nostri
880 1745 1045 1810 tenuitate
1082 1746 1198 1828 paucis

231 1873 376 1937 agamus.
413 1854 567 1919 Studium
585 1853 707 1936 duplex
723 1856 788 1919 est:
809 1872 938 1918 morum
953 1855 986 1917 et
1002 1852 1196 1917 litterarum.

229 1962 356 2027 Morum
374 1960 523 2026 studium
542 1959 713 2024 hominem
733 1959 915 2025 virtutibus
936 1959 1114 2041 componit,
1137 1960 1199 2025 deo

163 2068 184 2132 5
230 2070 263 2132 et
297 2067 487 2132 hominibus
522 2085 636 2132 carum
670 2066 749 2131 facit
784 2069 818 2131 et
851 2067 986 2132 tandem
1021 2067 1064 2131 ad
1098 2067 1199 2132 vitam

229 2175 360 2240 beatam
380 2173 544 2257 perducit,
568 2173 621 2238 cui
643 2173 797 2257 quisquis
820 2177 965 2238 mentem
988 2173 1098 2245 habet.
1124 2173 1200 2240 dili-

229 2281 421 2364 gentissime
448 2300 565 2346 vacare
589 2280 705 2359 debet3
733 2300 811 2345 nam
834 2279 906 2344 sine
930 2299 969 2345 eo
992 2280 1199 2363 quantalibet

230 2389 414 2454 litterarum
453 2389 487 2451 et
524 2387 755 2471 philosophiae
794 2388 937 2470 cognitio
977 2386 1199 2470 nequicquam

229 2495 375 2578 prodest.
425 2493 536 2574 „Nihil
566 2496 617 2559 est
647 2493 865 2576 perniciosius
888 2494 1020 2559 homine
1044 2495 1142 2560 docto
1166 2497 1198 2559 et

25 2619 28 2687 ᾗ
147 2603 188 2667 10
232 2602 352 2681 malo“,
387 2602 425 2666 ut
449 2601 646 2666 Laurentius
671 2601 764 2666 Valla
786 2601 954 2684 praeclare
978 2600 1031 2666 ait.
1080 2603 1200 2666 Patent

25 2712 27 2723 “
231 2711 344 2773 autem
359 2725 489 2773 morum
505 2710 683 2791 praecepta
707 2707 866 2772 latissime
899 2707 958 2772 sed
980 2708 1059 2791 quia
1082 2727 1198 2773 eorum

230 2815 379 2896 quotidie
422 2814 531 2879 bonus
575 2817 773 2897 praeceptor
819 2813 998 2894 discipulos
1044 2815 1200 2880 admonet

229 2920 452 3004 facillimeque
483 2941 524 2986 ex
556 2920 725 3001 distichis,
760 2940 846 3003 quae
877 2920 1049 3007 Catonisl)
1083 2921 1200 3000 inscri-

228 3030 365 3108 buntur,
387 3047 427 3092 ex
443 3029 590 3093 Senecae
611 3030 771 3112 opusculo
789 3028 830 3092 de
846 3030 1005 3110 quattuor
1021 3030 1199 3094 virtutibus

26 3125 28 3218 ζ
144 3136 183 3199 15
231 3133 503 3220 cardinalibus&
532 3154 572 3199 ex
602 3135 737 3200 aureolo
769 3135 960 3220 Isocratisl)
996 3136 1125 3216 libello,
1160 3159 1200 3203 ex

229 3241 455 3307 adolescentia
475 3242 556 3306 item
579 3241 694 3306 Jacobi
709 3240 982 3327 Wimphelingi4)
1004 3243 1199 3325 depromere

232 3348 290 3414 illa
305 3350 425 3432 potest,
442 3349 483 3413 ad
500 3348 699 3414 litterarium
722 3348 868 3414 studium
892 3350 1050 3415 transibo
1081 3350 1198 3416 Gram-

229 3455 368 3521 maticae
392 3454 455 3520 arti
477 3455 640 3536 imprimis
664 3474 766 3539 opera
789 3456 899 3520 danda
922 3459 983 3535 est,
1013 3476 1100 3539 quae
1124 3459 1198 3523 fons

230 3563 280 3625 est
303 3563 336 3626 et
359 3561 450 3644 origo
474 3561 595 3627 artium
617 3561 814 3628 liberalium.
853 3562 908 3628 Ad
923 3564 994 3628 eius
1010 3563 1199 3630 rudimenta

141 3669 184 3734 20
228 3668 445 3752 percipienda
477 3687 561 3751 puer
595 3669 654 3734 uni
688 3671 828 3752 probato
862 3671 971 3736 autori
1011 3674 1198 3737 assuescat:

230 3775 383 3858 Perotto,
421 3774 581 3860 Sulpitio,
620 3776 766 3842 Guarino
805 3776 1002 3858 Veronensi,
1041 3777 1197 3861 Pyladae,
