2960 4336
536 195 757 267 ..47-

202 381 300 445 ultro.
347 381 388 444 In
411 379 588 446 laudandis
619 380 859 462 discipulorum
889 380 1091 446 dictionibus
1115 401 1177 445 nec

202 489 367 569 malignus
390 508 452 552 nec
476 487 619 566 effusus,
650 489 730 570 quia
754 507 807 552 res
832 488 936 552 altera
958 489 1106 553 taedium
1130 490 1177 554 la-

112 596 155 660 45
202 595 305 666 boris,
329 595 433 659 altera
456 595 670 659 securitatem
690 594 787 677 parit.
813 595 852 658 ln
869 596 1076 660 emendando
1092 615 1177 678 quae

203 703 396 785 corrigenda
420 707 537 782 erunt,
571 723 637 766 non
670 703 809 767 acerbus
833 701 1036 785 minimeque
1060 705 1178 767 contu-

203 810 372 889 meliosus,
405 829 482 874 nam
506 809 541 873 id
564 810 698 892 quidem
724 810 847 874 multos
871 829 890 873 a
913 811 1084 892 proposito
1108 813 1178 874 stu-

205 918 305 981 dendi
340 919 442 998 fugat,
478 918 569 999 quod
604 907 740 999 quidam
776 915 823 980 sic
858 916 1046 999 obiurgant,
1082 917 1179 1001 quasi

205 1025 346 1088 oderint.
388 1025 464 1106 lpse
488 1023 626 1106 aliquid,
650 1024 751 1087 immo
776 1024 882 1088 multa
905 1023 1055 1106 quotidie
1080 1023 1178 1103 dicat,

205 1150 292 1214 quae
327 1150 441 1195 secum
475 1130 589 1195 audita
630 1131 787 1195 referant.
848 1130 940 1194 Licet
975 1130 1063 1194 enim
1098 1130 1178 1195 satis

205 1238 432 1320 exemplorum
456 1238 499 1301 ad
521 1235 721 1301 imitandum
750 1257 789 1301 ex
813 1239 953 1301 lectione
978 1239 1178 1320 suppeditet,

204 1348 319 1408 tamen
340 1343 417 1408 viva
439 1343 506 1424 illa,
532 1347 569 1408 ut
593 1343 721 1423 dicitur,
745 1365 809 1408 vox
832 1345 890 1408 alit
913 1344 1057 1427 plenius,
1081 1363 1179 1425 prae-

205 1451 369 1533 cipueque
400 1452 641 1533 praeceptoris
676 1471 775 1534 quem
810 1450 980 1532 discipuli,
1022 1451 1051 1514 si
1081 1452 1179 1515 modo

205 1559 297 1621 recte
326 1559 404 1621 sunt
434 1558 594 1637 instituti,
623 1563 657 1622 et
685 1559 798 1622 amant
835 1564 869 1622 et
897 1559 1063 1622 verentur.
1118 1557 1179 1622 Vix

204 1668 317 1728 autem
340 1663 405 1728 dici
429 1668 551 1746 potest,
580 1667 706 1747 quanto
736 1665 894 1728 libentius
919 1663 1088 1728 imitemur
1112 1685 1178 1746 eoa,

206 1771 328 1853 quibus
344 1769 562 1856 favemus.“4)
594 1770 696 1852 Cogat
713 1770 810 1834 etiam
826 1772 983 1853 magister
999 1772 1179 1853 discipulos

205 1877 240 1940 in
264 1879 377 1942 schola
399 1879 596 1960 tempestive
621 1878 737 1941 adesse
761 1881 794 1942 et
817 1897 864 1958 ea,
889 1897 975 1960 quae
1000 1877 1178 1957 dictantur,

206 2004 282 2048 cum
311 1984 443 2049 silentio
474 1984 626 2066 excipere
655 1986 847 2067 mundeque
874 1983 910 2049 in
938 1985 1063 2050 chartis
1092 1987 1179 2049 bene

207 2090 445 2174 compaginatis
469 2095 594 2156 notare.
635 2091 898 2174 Orthographiae
922 2093 955 2156 et
978 2095 1179 2174 punctorum

209 2197 383 2280 diligenter
397 2200 585 2263 admoneat.
611 2197 737 2263 Deinde
755 2202 907 2264 cessante
920 2198 1067 2263 dictandi
1080 2218 1180 2280 opera

206 2305 373 2385 imperato
408 2305 541 2369 silentio
577 2310 609 2370 et
648 2325 777 2370 summa
813 2306 961 2371 omnium
996 2306 1180 2370 attentione

207 2431 310 2475 unum
329 2412 474 2494 aliquem
490 2412 672 2477 constituat
688 2414 853 2492 lectorem,
877 2414 916 2476 ut
932 2431 1029 2476 verae
1046 2430 1179 2493 quoque

207 2518 340 2582 lectioni
358 2522 392 2583 et
408 2519 676 2600 pronunciationi
696 2518 844 2600 integrae
861 2521 1063 2583 assuescant.
1088 2518 1179 2582 Bene

208 2626 373 2708 legentem
396 2627 520 2704 laudet,
544 2627 686 2690 barbare
702 2627 980 2708 pronunciantem
996 2625 1117 2708 culpet,
1142 2627 1180 2689 ut

12 2725 13 2734 ’
115 2732 159 2797 65
207 2732 452 2814 pudefactionis
487 2733 664 2798 formidine
699 2735 733 2796 et
768 2733 876 2797 laudis
905 2732 1089 2814 cupiditate
1119 2731 1180 2795 ho-

211 2839 440 2903 nestissimum
464 2843 633 2903 certarnen
656 2837 842 2903 litterarum
859 2840 987 2902 certent
1003 2840 1036 2903 et
1050 2838 1085 2902 in
1101 2839 1180 2903 ludo

209 2947 385 3010 tractanda
409 2945 497 3010 domi
521 2949 598 3011 ante
622 2946 739 3010 sedulo
763 2945 975 3010 meditentur.

600 3195 698 3262 XVII.

201 3335 395 3407 Probatos
419 3336 630 3426 magistros
652 3336 715 3405 vel
737 3334 936 3407 laborioso
959 3335 1100 3407 itinere

462 3443 723 3533 requirendos
747 3463 845 3514 esse.

142 3609 156 3673 1
209 3607 347 3672 Probati
371 3606 519 3689 magistri
542 3608 669 3689 perrari
694 3608 772 3671 sunt
793 3605 936 3689 ideoque
960 3627 1090 3673 summa
1106 3605 1180 3673 dili-

209 3714 320 3797 gentia
335 3714 535 3796 requirendi.
570 3713 664 3793 „Non
680 3717 713 3777 te
729 3713 870 3795 pigeat,“
890 3715 1043 3779 Socrates
1059 3711 1180 3798 iuquit,

211 3822 364 3904 „longum
381 3821 489 3886 facere
502 3821 564 3885 iter
577 3822 619 3884 ad
631 3840 698 3900 eoa,
715 3820 772 3902 qui
785 3821 992 3886 conducibile
1006 3841 1041 3886 se
1055 3821 1180 3905 aliquid
1270 3821 1273 3830 “
