2960 4336
280 715 330 815 In
372 715 471 816 divi
507 715 737 817 Francisci
777 715 1018 816 Assisiatis
1050 717 1346 838 praeconium

655 896 738 995 odo
771 895 970 993 tricolus

394 1129 521 1193 Cantus
546 1130 677 1194 desinat
700 1130 854 1194 ethnicus

395 1236 494 1301 Vanis
518 1237 745 1302 Democritum
757 1236 783 1321 l)
806 1237 924 1301 tollere
948 1236 1113 1312 laudibus,

394 1343 492 1422 Quod
516 1344 590 1408 sorti
614 1345 742 1425 patrias
767 1347 883 1408 cautus
906 1363 988 1425 opes
1008 1346 1143 1427 pectore
1160 1344 1345 1425 tempserit.

396 1486 465 1550 Iam
490 1506 587 1551 nemo
611 1485 771 1568 Cynicum
797 1484 968 1570 Crateml)

395 1592 535 1668 Laudet,
559 1593 705 1659 coerulei
729 1594 818 1675 quod
842 1592 944 1656 maris
968 1612 1069 1657 aurea

399 1699 437 1764 In
461 1701 584 1765 fluctus
609 1700 754 1784 rapidos
778 1701 871 1764 dives
894 1718 1007 1782 opum,
1030 1699 1180 1782 pondera
1203 1699 1330 1765 iecerit.

395 1841 515 1907 Nullus
538 1843 685 1906 carmine
709 1842 878 1924 praedicet

398 1948 531 2013 Clarum
558 1949 748 2032 Diogenem,
772 1968 850 2013 vase
873 1948 1012 2013 volubili

397 2054 462 2132 Qui
487 2056 574 2119 victu
600 2055 691 2120 tenui
716 2075 757 2119 ne
781 2055 912 2134 cotylen
936 2075 1047 2119 secum
1065 2054 1183 2120 habuit
1200 2057 1342 2138 quidem,

396 2196 472 2274 Qui,
497 2196 618 2280 sceptri
643 2196 712 2260 rice
735 2196 880 2280 glorians

396 2304 508 2382 Clara,
532 2304 667 2387 palliolo
690 2303 811 2387 frigora
836 2305 974 2387 depulit,

289 2414 345 2495 ln)
397 2411 546 2476 Naturae
571 2411 722 2490 domitor,
747 2412 893 2476 Paeonio
918 2431 993 2494 rege
1016 2410 1197 2493 potentior,

397 2554 516 2632 Quem,
541 2574 617 2619 cum
640 2553 706 2618 iam
730 2555 824 2618 senio
848 2555 957 2636 gravis

397 2660 451 2727 Ad
475 2662 569 2725 ludos
594 2662 741 2727 celebres
764 2661 828 2724 iret
852 2660 1034 2744 Olympiae,

398 2768 585 2833 Exclusisse
609 2768 719 2833 ferunt
743 2768 938 2834 febriculam
961 2773 1093 2851 gutture
1117 2770 1240 2834 saucio,

398 2911 496 2976 Nunc
518 2930 634 2975 omnes
658 2911 808 2976 melleam
833 2911 951 2993 chelyn

398 3021 498 3084 Vates
523 3018 566 3083 ad
588 3020 763 3100 graphicos
787 3019 966 3083 instituant
991 3018 1107 3084 modos

290 3127 346 3211 18)
398 3124 711 3207 F1·anciseumque³)
729 3128 863 3202 canant,
876 3124 993 3189 Assisii
1006 3124 1224 3209 praecipuum
1237 3126 1349 3207 decus

398 3267 473 3346 Qui,
498 3267 619 3349 spretis
643 3267 763 3348 opibus
787 3267 843 3349 pio

399 3372 570 3462 Christum
593 3375 693 3438 corde
718 3393 873 3455 sequens,
898 3372 1031 3438 edocuit
1054 3393 1131 3438 suos

398 3482 530 3546 Fratres
546 3482 721 3564 egregiam,
738 3500 804 3563 qua
820 3487 976 3564 superum
993 3500 1093 3563 regna
1108 3482 1234 3562 petant,
1251 3479 1348 3546 viam.

400 3623 463 3688 Hic
486 3625 620 3688 terrena
643 3622 784 3705 negotia,

399 3731 544 3814 Aegrola
568 3731 715 3796 monitus
739 3749 839 3794 carne
863 3728 1055 3808 salubriter,

289 3839 348 3924 al)
400 3838 444 3903 Et
466 3837 608 3904 blandos
631 3837 769 3903 Veneris
793 3836 998 3921 Cyprigenae
1023 3837 1170 3902 deseruit
1192 3837 1293 3902 iocos.
