2960 4336
556 233 778 296 „43-

226 407 269 471 ut
293 407 421 473 Plinius
445 409 556 474 iunior
566 408 593 494 5)
622 411 657 475 in
686 411 826 494 epistola
854 411 895 474 ad
923 409 1100 475 Minatium
1123 411 1199 475 fun-

170 548 173 568 ·
227 515 366 580 danum:
392 516 440 595 ,0
465 517 561 582 dulce
586 518 692 583 otium
713 519 958 601 honestumque
975 521 1075 601 atque
1092 537 1200 599 paene

225 621 315 684 omni
340 623 470 704 negotio
493 623 699 704 pulclrrius!‘⁴
728 624 799 689 Hoc
819 626 910 689 Maro
935 628 1048 689 noster
1057 623 1084 709 6)
1107 624 1200 706 iguo-

134 728 179 791 40
225 727 302 803 bile,
327 727 362 792 id
386 734 435 792 est
459 730 555 793 valde
580 731 703 811 nobile,
729 730 819 796 dixit.
855 729 1017 814 Senecal)
1033 731 1068 795 in
1085 732 1201 794 octava

229 835 271 898 ad
295 835 460 900 Lucilium
485 836 625 919 epistola
650 839 697 901 sic
722 837 852 902 scribit:
885 837 983 917 „Mihi
1006 818 1119 902 crede:
1144 837 1201 919 qui

228 941 309 1005 nihil
327 962 423 1024 agere
439 943 606 1024 videntur,
631 944 757 1009 maiora
774 947 886 1026 agunt,
911 944 1023 1009 divina
1039 944 1201 1008 humana-

228 1067 293 1129 que
317 1049 446 1113 simul.“
495 1051 592 1114 Unde
625 1053 658 1114 et
687 1051 843 1115 Publium
877 1052 1083 1134 Scipionem,
1113 1071 1200 1131 eum,

229 1157 285 1236 qui
302 1155 448 1236 primum
460 1156 638 1222 Africanus
654 1159 842 1240 appellatus
860 1163 921 1238 est,
939 1160 1049 1223 dicere
1065 1158 1201 1222 solitum

137 1263 181 1325 45
229 1261 360 1344 scripsit
384 1262 512 1346 Catoss),
542 1283 726 1347 numquam
750 1266 920 1330 seminus
949 1267 1093 1330 otiosum
1117 1285 1200 1345 esse,

229 1389 330 1452 quam
354 1389 428 1434 cum
453 1370 582 1449 otiosis,
614 1390 681 1458 nec
706 1371 817 1435 minus
846 1373 968 1453 solum,
998 1392 1098 1455 quam
1127 1390 1203 1436 curn

229 1476 319 1540 solus
344 1480 440 1542 esset.
1007 1469 1008 1474 ’

630 1675 712 1738 XIV.

168 1812 288 1906 Quod
312 1813 479 1884 animus
506 1814 659 1884 sudiosi
683 1815 929 1903 ccnpcsitus
953 1823 1041 1884 esse
1065 1813 1185 1906 debet

459 1934 462 1947 ⁴
554 1925 593 1990 et
617 1939 791 1991 securus.

166 2084 178 2145 1
231 2083 408 2147 Studiosus
432 2084 626 2149 adolescens
650 2083 797 2148 animum
821 2083 1043 2167 compositum
1068 2086 1102 2147 et
1125 2103 1202 2167 per-

229 2179 480 2255 turbationibus
497 2211 639 2255 vacuum
655 2192 786 2264 habeat,
804 2195 843 2255 ut
860 2190 1053 2272 disciplinas
1070 2211 1090 2255 a
1107 2209 1204 2272 prae-

230 2301 365 2378 ceptore
390 2300 462 2364 sine
485 2298 623 2363 tristitia
639 2303 674 2363 et
691 2299 809 2363 timore
825 2297 1000 2381 percipiat.
1024 2297 1119 2362 Vitiis
1136 2318 1205 2363 non

231 2405 273 2468 sit
302 2405 481 2484 obnoxiae,
516 2407 616 2470 deum
648 2427 688 2500 ex
721 2409 792 2470 toto
822 2405 921 2468 corde
949 2407 1037 2469 amet
1066 2405 1205 2487 eiusque

163 2513 182 2574 5
229 2514 410 2594 praecepta
434 2512 687 2595 diligentissime
709 2513 882 2590 custodiat,
908 2513 1026 2576 Diram
1041 2510 1205 2593 virginem

231 2620 384 2699 Mariam,
416 2619 469 2683 dei
492 2620 627 2702 optimi,
651 2619 785 2684 maximi
809 2621 998 2703 parentem,
1028 2619 1117 2683 laeto
1140 2617 1204 2682 fre-

232 2730 373 2809 quenter
404 2726 514 2792 animo
549 2727 680 2791 salutet.
733 2725 934 2791 Parentibus
966 2729 1000 2790 et
1037 2724 1204 2806 magistris

231 2836 449 2916 obtemperet,
474 2833 623 2900 honestis
646 2835 737 2906 viris,
769 2833 896 2897 clericis
920 2834 954 2896 et
978 2832 1206 2897 sacerdotibus

231 2944 391 3007 honorem
416 2942 580 3020 exhibeat,
610 2961 686 3023 erga
709 2961 823 3005 omnes
847 2939 997 3005 homines
1021 2939 1151 3004 facilem
1175 2941 1208 3003 et

144 3053 186 3116 10
232 3050 415 3115 humanum
450 3069 485 3112 se
519 3049 687 3130 praebeat.
746 3048 797 3111 Ita
830 3045 923 3111 brevi
957 3046 1136 3110 maximum
1172 3044 1207 3109 in

232 3156 354 3222 litteris
376 3159 410 3221 et
431 3155 611 3220 virtutibus
627 3154 814 3237 profectum
830 3153 936 3217 faciet.
963 3153 1002 3215 In
1018 3151 1207 3216 malivolam

233 3265 377 3329 animam
393 3282 460 3326 non
476 3262 615 3326 intrabit
631 3261 803 3343 sapientia.
834 3259 900 3336 Qui
923 3259 1105 3323 sceleratae
1121 3257 1207 3322 ritae

234 3371 387 3435 conscius
412 3374 473 3448 est,
498 3351 580 3433 nihil
604 3372 693 3433 recte
719 3387 815 3450 agere
839 3369 958 3449 potest,
988 3386 1104 3430 rerum
1129 3385 1208 3430 con-

233 3479 327 3542 tinuo
351 3496 499 3542 maerore
523 3475 682 3556 afficitur,
713 3476 760 3555 et,
789 3477 827 3538 ut
850 3472 1057 3557 luvenalisl)
1088 3471 1208 3555 inquit,

145 3589 186 3652 15
258 3587 447 3667 „Perpetua
470 3583 617 3648 anxietas
646 3603 708 3647 nec
732 3600 868 3645 mensae
892 3584 1042 3663 ternpore
1066 3581 1205 3661 cessat.“

235 3694 359 3758 Contra
380 3712 457 3757 vero
480 3711 597 3756 secura
618 3709 712 3754 mens
736 3689 832 3771 quasi
849 3689 924 3772 iuge
941 3687 1129 3752 convivium
1146 3689 1207 3754 est.
