2960 4336
587 207 809 272 ,39-

258 383 434 449 laudabilis
458 386 509 449 est
533 386 565 448 et
590 384 708 450 studiis
732 385 861 451 idonea.
896 387 1059 452 Platonici
1077 391 1111 451 et
1127 388 1230 455 Stoici

170 493 211 554 10
258 491 293 555 in
316 491 514 572 templorum
538 493 617 557 locis
646 495 678 556 et
708 493 894 574 porticibus
924 495 1161 571 versabantur,
1194 499 1231 560 ut

257 598 415 663 admoniti
427 599 624 680 angustioris
637 598 817 665 habitaculi
836 601 1012 665 sanctitate
1029 601 1110 665 nibil
1128 602 1230 682 aliud,

258 724 357 787 quam
381 706 422 769 de
445 707 625 771 virtutibus
649 708 844 789 cogitarent.
881 708 948 772 Sed
972 710 1004 772 et
1027 708 1098 789 ipse
1124 710 1230 790 Plat0,

258 815 444 876 comesset
469 814 561 877 dives
590 820 623 879 et
652 817 743 879 toros
768 814 840 878 eius
865 815 1028 897 Diogenes
1052 815 1149 879 luteis
1173 837 1232 899 pe-

259 919 356 985 dibus
381 921 607 998 conculcaret,
640 923 676 986 ut
707 924 821 1004 posset
849 941 965 986 vacare
990 922 1230 1006 philosophiae,

258 1027 354 1108 elegit
372 1026 596 1104 Academiam,
620 1028 731 1092 villam
748 1029 790 1093 ab
807 1028 890 1092 urbe
907 1029 1022 1111 procul
1039 1049 1106 1094 non
1123 1031 1231 1095 solum

258 1134 434 1208 desertam,
459 1135 517 1197 sed
539 1136 571 1198 et
587 1135 810 1216 pestilentem,
835 1139 873 1199 ut
890 1155 970 1200 cura
986 1137 1020 1200 et
1037 1136 1231 1202 assiduitate
1355 1181 1358 1187 ·

258 1347 309 1411 sui
333 1348 458 1411 nullam
482 1347 581 1412 aliam
605 1348 768 1413 sentirent
796 1349 1002 1430 voluptatem
1034 1349 1098 1413 nisi
1118 1370 1233 1415 earum

259 1475 379 1530 rerum,
404 1475 488 1536 quas
513 1455 688 1521 discerent.
716 1457 865 1520 Privatus
883 1459 993 1521 autem
1010 1458 1112 1520 studii
1129 1457 1232 1538 locuS,

259 1563 287 1626 si
310 1563 345 1626 in
370 1562 478 1627 aliena
501 1563 583 1627 urbe
608 1563 662 1640 sis,
688 1563 778 1645 apud
801 1564 941 1627 honeste
961 1563 1109 1628 viventes
1128 1568 1159 1628 et
1177 1564 1232 1628 dei

258 1670 377 1734 timore
405 1668 552 1734 imbutos
580 1670 731 1734 homines
760 1671 997 1735 conducendus
1025 1674 1086 1735 est.
1134 1670 1230 1750 Nam,

259 1779 296 1840 ut
319 1778 446 1842 Seneca
469 1777 598 1853 scribit,
627 1796 695 1841 non
717 1779 846 1841 tantum
870 1777 1014 1860 corpori,
1048 1778 1107 1841 sed
1131 1777 1233 1842 etiam

258 1883 405 1948 moribus
430 1885 599 1948 salubrem
623 1885 733 1948 locum
758 1885 878 1966 eligere
903 1885 1073 1948 debemus.
1107 1883 1230 1961 Quem-

259 1992 437 2056 admodum
460 1991 548 2055 inter
572 1992 715 2057 tortores
744 1993 895 2056 habitare
920 1992 1057 2070 nollem,
1094 1991 1141 2056 sic
1169 2011 1231 2056 nec

170 2100 211 2164 25
259 2099 346 2163 inter
369 2098 512 2181 popinas
537 2099 683 2181 quidem.
716 2099 755 2162 ld
779 2119 875 2181 agere
900 2099 1070 2178 debemus,
1094 2101 1132 2162 ut
1155 2099 1231 2162 irri-

259 2209 406 2270 tamenta
445 2206 601 2270 vitiorum
641 2225 742 2287 quam
780 2205 971 2288 longissime
1006 2205 1231 2288 proiiciamus.

260 2313 471 2378 Indurandus
496 2316 546 2376 est
570 2313 701 2377 animus
719 2315 751 2377 et
768 2312 1004 2378 blandimentis
1021 2313 1234 2395 voluptatum

259 2421 375 2503 procul
393 2421 646 2484 abstrahendus.
672 2419 846 2497 Quocirca,
864 2421 1011 2484 studiose
1029 2420 1232 2498 adolescens,

260 2527 327 2592 tale
344 2527 404 2591 tibi
422 2526 678 2592 contubernium
694 2528 786 2608 elige,
805 2529 842 2590 ut
858 2526 978 2591 studiis
994 2525 1233 2607 impedimento

171 2635 214 2700 30
261 2654 335 2699 esse
359 2653 425 2698 non
449 2635 564 2716 possit.
613 2633 717 2712 Cave,
749 2654 790 2698 ne
819 2633 853 2696 in
884 2634 1025 2697 taberna
1053 2631 1234 2696 diversoria

261 2744 317 2806 aut
353 2742 443 2824 apud
473 2743 605 2806 leonem
634 2744 691 2804 aut
718 2743 755 2804 in
785 2741 863 2805 ludo
892 2740 1051 2804 aleatorio
1085 2743 1143 2803 aut
1175 2738 1232 2803 nbi

260 2852 359 2933 potus
376 2849 503 2914 venalis
520 2851 570 2912 est
587 2847 761 2912 inhabites.
799 2848 1044 2911 Domunculum
1062 2844 1234 2930 Thaidis1)
1280 2927 1282 2932 Ι

262 2957 358 3039 quasi
382 2956 585 3034 Charybdim
608 2955 725 3038 procul
750 2955 871 3018 devita.
919 2954 984 3017 Eos
1008 2953 1132 3017 habeas
1156 2972 1235 3015 con·
1295 3033 1299 3039 Ι

260 3063 454 3128 tubernales
478 3064 587 3140 velim,
613 3083 632 3126 a
656 3063 777 3143 quibus
802 3060 929 3125 discere
953 3062 987 3124 et
1011 3079 1087 3124 curn
1111 3058 1234 3142 quibus

173 3174 214 3236 35
236 3149 239 3156 ¹
261 3173 293 3234 te
318 3172 353 3235 in
381 3169 500 3234 litteris
531 3168 711 3233 exercitare
742 3169 859 3250 possis
908 3168 1057 3233 Honesta
1085 3166 1235 3249 exempla

261 3297 414 3366 magnam
445 3277 512 3342 vim
546 3277 588 3341 ad
619 3276 756 3340 meliora
787 3275 983 3340 cohortandi
1017 3274 1150 3339 habent.
1199 3274 1235 3338 Si

262 3385 401 3450 facultas
425 3385 521 3464 adsit,
546 3404 620 3448 cum
645 3384 804 3466 magistro
828 3385 887 3448 aut
911 3382 1053 3446 litterato
1078 3384 1135 3446 aut
1158 3400 1235 3463 pro-

261 3495 361 3558 batae
385 3492 472 3557 vitae
497 3493 669 3556 sacerdote
694 3490 848 3556 convivas
871 3491 982 3567 velim,
1007 3493 1046 3553 ut
1069 3508 1177 3554 mores
1203 3491 1236 3551 et

262 3601 365 3664 vitam
388 3599 459 3663 eius
482 3600 615 3682 penitus
639 3598 823 3682 perspicias
847 3600 880 3661 et
904 3595 1099 3681 quotidiana
1122 3615 1236 3660 assue-

172 3709 217 3772 40
262 3708 378 3771 tudine
412 3706 564 3771 imiteris.
619 3706 748 3783 Quodsi
787 3706 871 3769 forte
910 3704 1106 3786 imprudens
1144 3703 1235 3784 apud

263 3814 442 3879 illiberales
467 3818 499 3879 et
523 3813 675 3880 sordidos
704 3813 857 3877 homines
886 3813 1004 3877 cellam
1027 3808 1235 3892 conduxeris
