2960 4336
683 189 904 255 ..50-

268 368 310 432 70
355 368 397 446 et,
422 386 497 431 cunr
521 364 587 430 iam
612 367 738 432 clarum
761 368 937 433 meruisset
964 367 1052 432 inter
1075 368 1241 451 patronos,
1266 368 1324 451 qui

359 476 440 537 tunc
469 477 575 552 erant,
604 493 736 555 nomen,
765 475 801 538 in
829 474 943 539 Asiam
967 474 1132 556 navigavit
1160 494 1262 558 seque
1293 477 1326 539 et

356 581 429 645 aliis
453 580 524 644 sine
549 580 649 646 dubio
666 580 874 664 eloquentiae
892 601 930 646 ac
946 581 1131 663 sapientiae
1147 581 1324 664 magistris,

353 688 412 752 sed
427 686 606 770 praecipue
618 689 730 752 tamen
742 687 919 770 Apollonio
932 689 1066 765 Moloni,
1082 708 1183 771 quem
1195 689 1324 754 Rornae

356 814 490 877 quoque
507 795 641 874 adierat,
660 795 772 861 Rhodi
789 815 904 860 rursus
921 795 1169 861 reformandum
1184 814 1222 859 ac
1233 794 1326 859 velut

267 900 307 966 75
355 903 603 983 recoquendum
626 902 748 967 dedit.“
780 904 902 966 Verum
927 921 969 966 ne
991 903 1032 966 de
1049 902 1171 968 nostris
1188 900 1325 967 omnino

353 1008 437 1072 nihil
468 1008 590 1090 dicam,
622 1029 697 1074 cunr
725 1010 951 1092 exemplorum
979 1011 1080 1092 plena
1109 1008 1174 1072 sint
1201 1008 1325 1090 omnia,

355 1115 493 1180 Orosius
517 1112 735 1201 Hispanus‚⁷)
766 1118 803 1180 ut
831 1116 962 1182 animae
985 1116 1148 1181 rationem
1171 1115 1325 1196 disceret,

352 1221 499 1305 primum
523 1224 565 1288 ad
592 1222 828 1304 Augustinum‚
861 1223 981 1288 deinde
1013 1225 1055 1287 ad
1083 1223 1326 1305 Hieronymum

354 1329 545 1412 longissimo
585 1331 618 1395 et
656 1349 755 1412 quam
790 1331 954 1394 laborioso
988 1329 1109 1394 itinere
1143 1329 1324 1394 contendit.

266 1438 309 1502 80
356 1437 423 1501 Sed
451 1438 482 1502 et
513 1437 585 1520 ipse
614 1436 853 1518 HieronymuS‚
889 1457 956 1502 non
990 1439 1169 1516 contentus
1196 1437 1325 1502 Romae

355 1545 487 1609 audisse
518 1543 725 1608 Victorinum
758 1545 924 1608 rhetorem
953 1546 988 1607 et
1015 1544 1183 1608 Donatum
1213 1562 1324 1624 gram·
1433 1573 1437 1578 ·

341 1651 520 1730 ,maticum
544 1650 868 1732 Constantinopolim
891 1650 1058 1732 proiectus
1083 1651 1143 1730 est,
1167 1649 1224 1714 ubi
1240 1649 1326 1714 Gre-

356 1758 484 1840 gorium
508 1758 752 1822 Nazianzenum
774 1757 809 1821 in
832 1758 935 1822 sacris
960 1756 1079 1822 litteris
1095 1757 1212 1822 hahuit
1227 1761 1325 1840 prae-

356 1867 533 1947 ceptorem.
580 1864 809 1946 Apollinarem
848 1885 981 1948 quoque
1020 1863 1218 1929 Antiochiae
1258 1865 1327 1928 fre-

269 1971 310 2036 85
358 1976 498 2053 quenter
525 1972 651 2037 audivit
680 1974 728 2050 et,
762 1972 841 2036 dum
872 1973 938 2036 iam
970 1991 1052 2036 cano
1083 1974 1172 2035 esset
1202 1970 1325 2053 capite,

356 2063 594 2144 Alexandriam
616 2079 778 2161 perrexit,
809 2080 848 2142 ut
877 2100 897 2143 a
923 2078 1062 2159 Didymo
1091 2096 1189 2142 caeco
1212 2075 1248 2140 in
1271 2097 1327 2141 sa-

355 2184 500 2267 pientiae
518 2185 638 2250 studiis
654 2186 757 2266 magis
774 2184 968 2250 erudiretur.
994 2187 1115 2250 Postea
1127 2184 1327 2248 Bethlehem

357 2312 510 2358 reversus
524 2291 706 2356 Hebraicas
723 2294 848 2357 litteras
864 2295 1027 2357 nocturno
1043 2296 1192 2374 tempore
1208 2290 1326 2355 furtim

358 2399 482 2464 didicit.
530 2399 682 2464 Timebat
705 2399 793 2464 enim
815 2399 853 2480 is,
878 2398 936 2481 qui
960 2400 1110 2479 docebat,
1141 2418 1183 2462 ne
1207 2397 1326 2463 Judaei

269 2508 311 2572 90
356 2507 575 2572 resciscerent
598 2506 691 2571 etin
714 2527 750 2570 se
773 2506 848 2570 ideo
871 2505 1090 2570 desaevirent.

739 2772 855 2836 XVIII.

269 2950 427 3022 Vanam
456 2967 543 3019 esse
572 2965 709 3018 eorum
740 2946 981 3035 opinionem,
1018 2945 1086 3034 qui
1112 2944 1256 3015 liberos
1284 2943 1329 3012 in

269 3056 414 3128 celebri
436 3055 534 3127 urbe
550 3059 676 3138 natos,
701 3050 770 3123 ubi
785 3055 1006 3124 litterarum
1022 3052 1156 3122 studia
1171 3052 1325 3136 florent,

330 3165 407 3235 olio
430 3182 552 3234 causa
574 3161 734 3232 maioris
756 3161 960 3250 profectus
984 3160 1269 3231 transmittunt.

295 3364 310 3428 1
359 3363 417 3427 Est
441 3362 541 3444 igitur
572 3362 681 3426 bonus
710 3361 907 3442 praeceptor
935 3359 987 3423 vel
1015 3357 1179 3423 laborioso
1208 3356 1328 3420 itinere

359 3470 587 3553 quaerendus3
611 3468 706 3551 pueri
731 3467 902 3531 tamenin
926 3466 1047 3530 celebri
1069 3465 1151 3528 urbe
1167 3463 1245 3540 nati,
1270 3461 1330 3526 ubi

359 3578 467 3641 clarus
491 3575 644 3658 magister
668 3573 867 3639 litteratorio
892 3573 970 3637 ludo
986 3573 1130 3654 praeest,
1155 3589 1222 3634 non
1239 3570 1328 3649 suut,

359 3682 555 3765 praesertim
577 3683 612 3746 in
628 3684 744 3746 tenera
760 3684 878 3760 aetate,
902 3683 939 3744 ut
955 3677 1082 3743 litteras
1100 3677 1238 3750 discant,
1262 3675 1328 3751 alio

294 3789 314 3856 5
359 3789 520 3854 mittendi.
568 3789 661 3866 Quae
685 3789 774 3852 enim
798 3785 939 3851 stultitia
961 3788 1022 3866 est,
1047 3804 1120 3850 cum
1145 3781 1235 3849 domi
1257 3781 1330 3846 sili-
