2960 4336
710 198 934 270 —48-

379 385 496 448 docere
508 381 717 466 profitentur.
743 383 856 466 Turpe
870 401 1016 466 namque
1029 382 1138 462 fuerit,
1152 384 1353 448 mercatores

312 491 332 554 5
382 493 476 555 tanta
498 490 641 553 transire
665 490 785 568 maria,
814 511 881 574 quo
910 490 1147 555 cumulatiores
1172 509 1249 554 suas
1272 509 1353 572 opes

378 595 535 674 efficiant,
560 597 789 663 adolescentes
813 617 891 662 vero
916 617 958 661 ne
980 602 1072 661 terra
1095 597 1231 679 quidem
1252 595 1354 660 susti-

379 723 468 779 nere,
493 701 658 784 proticisci
683 704 809 786 alique,
840 707 875 769 ut
902 723 995 768 suam
1026 704 1196 768 meliorem
1228 702 1353 767 faciant

379 813 554 874 mentem.“
582 809 767 875 Imitandus
785 816 835 875 est
851 810 1006 875 Euclides
1022 811 1234 891 Megarensis
1259 810 1354 874 cuius

379 917 594 980 memorabile
616 917 742 982 factum
766 918 895 982 Taurus
918 917 1139 999 philosophus
1163 916 1252 998 apud
1277 916 1353 980 Gel-

294 1027 335 1089 10
377 1023 459 1088 lium
470 1023 496 1107 1)
519 1024 629 1088 refert.
657 1025 851 1104 „Decreto“,
875 1023 995 1106 inquit,
1023 1043 1102 1103 „suo
1126 1023 1354 1088 Athenienses

379 1134 549 1210 caverant,
580 1134 632 1208 ut,
656 1131 715 1212 qui
737 1131 877 1212 Megaris
901 1130 981 1195 civis
1005 1133 1107 1208 esset,
1141 1130 1169 1194 si
1200 1130 1354 1193 intulisse

380 1237 528 1301 Athenas
553 1237 670 1318 pedem
696 1238 883 1320 prehensus
908 1239 1009 1314 esset,
1038 1238 1075 1301 ut
1099 1255 1138 1300 ea
1162 1255 1215 1300 res
1239 1237 1269 1299 ei
1294 1237 1355 1298 ho-

380 1343 462 1408 mini
486 1343 637 1424 capitalis
662 1348 760 1408 esset.
808 1343 928 1422 Tanto,
952 1344 1205 1422 AthenienseS,“
1232 1343 1354 1424 inquit,

383 1450 477 1530 „odio
490 1451 672 1531 flagrabant
687 1449 906 1514 finitimorum
917 1451 1090 1515 hominnm
1100 1449 1353 1531 Megarensium.

296 1559 333 1622 15
381 1557 466 1620 Tum
491 1557 662 1636 Euclides,
696 1557 752 1638 qui
781 1557 929 1621 indidem
959 1557 1100 1639 Megaris
1129 1560 1201 1621 erat
1229 1555 1354 1638 quique

380 1665 479 1728 etiam
504 1665 580 1727 ante
606 1663 638 1727 id
664 1665 835 1728 decretum
859 1668 892 1728 et
916 1683 989 1728 esse
1013 1664 1155 1728 Athenis
1179 1667 1212 1727 et
1236 1663 1354 1728 audire

380 1772 551 1835 Socratem
565 1773 794 1844 consueverat,
812 1773 989 1852 postquam
1006 1771 1039 1834 id
1052 1771 1221 1834 decretum
1233 1789 1355 1832 sanxe-

379 1877 476 1954 runt,
516 1879 578 1941 sub
618 1881 769 1956 noctem,
812 1879 1010 1959 priusquam
1048 1878 1386 1960 advesperasceret„

379 1985 493 2048 tunica
517 1985 613 2065 longa
637 1984 790 2048 muliebri
814 1985 952 2049 indutus
976 1988 1009 2048 et
1031 1985 1133 2066 pallio
1154 1983 1354 2048 versicolore

292 2094 335 2158 20
381 2091 521 2156 amictus
547 2094 580 2154 et
604 2095 704 2172 caput
722 2093 756 2154 et
772 2111 830 2156 ora
845 2092 973 2156 velatus
990 2113 1008 2155 e
1025 2092 1122 2156 domo
1139 2111 1198 2154 sua
1213 2089 1355 2173 Megaris

379 2198 529 2262 Athenas
561 2199 602 2261 ad
636 2199 805 2262 Socratem
838 2200 1059 2277 commeabat,
1094 2201 1133 2262 ut
1165 2197 1216 2262 vel
1246 2195 1354 2262 noctis

381 2306 493 2387 aliquo
510 2308 659 2385 ternpore
677 2305 887 2368 consiliorum
904 2325 1161 2386 sermonumque
1175 2304 1246 2369 eius
1258 2303 1355 2368 lieret

380 2413 558 2493 particeps,
576 2431 757 2493 rursusque
771 2414 831 2476 sub
844 2413 952 2476 lucem
965 2413 1068 2476 millia
1080 2430 1240 2495 passuum
1252 2411 1353 2493 paulo

380 2519 524 2599 amplius
538 2519 651 2600 viginti
666 2520 784 2583 eadem
796 2520 889 2583 veste
902 2519 958 2584 illa
976 2519 1122 2583 intectus
1136 2519 1292 2582 redibat.“
1310 2555 1352 2562 -—

291 2627 332 2691 25
381 2626 547 2707 Legimus,
573 2625 779 2690 doctissimos
800 2626 961 2704 homines,
985 2630 1023 2691 ut
1040 2647 1059 2690 a
1075 2626 1258 2708 sapientiae
1274 2644 1354 2707 pro-

378 2732 562 2796 fessoribus
583 2733 679 2814 plura
696 2731 871 2811 discerent,
896 2734 1004 2798 nullos
1023 2734 1152 2796 labores
1169 2751 1351 2797 recusasse.

382 2840 456 2918 „Sic
470 2839 672 2921 Pythagoras
685 2839 913 2922 Memphiticos
926 2843 1028 2920 vates,
1046 2839 1092 2904 sic
1109 2841 1205 2905 Plato
1218 2840 1353 2921 Aegyp-

377 2949 448 3010 tum
472 2951 506 3012 et
529 2947 707 3028 Archytam
725 2947 943 3011 Tarentinum
961 2967 1101 3030 eamque
1116 2968 1209 3013 oram
1226 2946 1352 3028 Italiae,

379 3073 464 3136 quae
489 3056 657 3137 quondam
687 3056 805 3137 Magna
829 3056 967 3120 Graecia
991 3057 1176 3135 dicebatur,
1208 3054 1352 3119 laborio-

291 3162 333 3225 30
380 3161 510 3226 sissime
533 3164 731 3243 peragravit,
756 3165 793 3226 ut
816 3162 875 3244 qui.
897 3163 1037 3227 Athenis
1059 3163 1214 3246 magister
1230 3164 1301 3226 erat
1317 3165 1352 3225 et

378 3272 497 3350 potens
530 3270 692 3351 cuiusque
730 3270 913 3333 doctrinam
947 3270 1146 3334 Academiae
1182 3268 1351 3352 gymnasia

378 3377 620 3457 personabant,
656 3374 753 3440 fieret
787 3375 981 3458 peregrinus
1017 3380 1119 3460 atque
1155 3378 1351 3459 discipulus,

377 3483 504 3547 malens
528 3481 637 3546 aliena
658 3484 845 3546 verecunde
870 3484 1009 3561 discere,
1034 3504 1133 3565 quam
1158 3503 1217 3548 sua
1240 3483 1352 3566 impu-

379 3589 498 3653 denter
521 3589 680 3670 ingerere.
724 3590 887 3672 Denique,
912 3610 986 3653 cum
1010 3591 1136 3655 litteras
1160 3593 1255 3674 quasi
1280 3596 1351 3656 toto

290 3697 332 3765 35
380 3696 543 3777 fugientes
567 3697 647 3759 orbe
670 3696 895 3778 persequitur,
919 3701 1038 3778 captus
1063 3718 1081 3762 a
1106 3699 1224 3780 piratis
1248 3702 1351 3781 atque

379 3803 600 3868 venumdatus
644 3801 745 3867 etiam
783 3806 923 3883 tyranno
962 3805 1190 3870 crudelissimo
1228 3806 1350 3886 paruit,
