2960 4336
556 183 775 253 ..g1.„

609 489 720 556 XXIV.

136 679 256 775 Quod
267 681 401 752 studia
408 682 716 766 intermittenda,
729 703 812 755 non
821 689 955 757 autem
963 687 1191 772 omittenda,

258 788 331 859 sed
353 788 450 860 dum
471 790 647 875 vivimus,
670 793 954 881 prosequenda
976 796 1071 863 sunt

160 1003 174 1067 1
223 1002 443 1070 Relaxatione
473 1005 575 1070 animi
607 1007 653 1071 ita
684 1007 846 1072 utendum
876 1010 944 1089 est,
978 1011 1016 1073 ut
1044 1029 1121 1074 mox
1150 1010 1193 1074 ad

224 1109 336 1176 studia
364 1115 578 1178 revertamur.
626 1112 661 1178 Si
689 1113 768 1196 quid
801 1116 912 1178 autem
939 1115 1047 1198 primo
1068 1115 1191 1181 intuitu

223 1217 314 1282 haud
336 1217 516 1301 capiamus
540 1239 607 1284 non
631 1221 743 1285 statim
768 1220 962 1286 abiiciamus
979 1222 1021 1286 dc
1037 1222 1191 1287 manibus

223 1324 368 1405 codices,
403 1326 463 1390 sed
493 1327 623 1391 diutina
654 1328 884 1409 speculatione
906 1328 1076 1410 ingenium
1099 1329 1134 1394 in
1156 1329 1191 1394 id

156 1430 176 1495 5
221 1432 441 1498 intendamus,
478 1434 583 1498 Recte
599 1435 776 1520 Seneca¹):
804 1433 916 1514 „Nihil
933 1438 992 1515 est,
1017 1436 1106 1518 quod
1122 1455 1191 1500 non

223 1542 387 1621 expugnet
419 1539 574 1624 pertinax
607 1559 710 1622 opera
745 1542 778 1604 et
811 1541 943 1605 intenta
976 1560 1014 1605 ac
1049 1541 1189 1624 diligens

223 1649 331 1710 oura.“
381 1645 565 1711 Careamus
588 1646 689 1712 etiam
712 1647 938 1729 potissimum,
973 1667 1015 1711 ne
1042 1649 1095 1714 vel
1122 1647 1189 1713 otio

222 1752 275 1816 vel
291 1754 439 1836 corporis
455 1754 568 1818 labore
585 1754 745 1819 diuturno
762 1753 909 1819 studium
924 1754 1187 1837 intercipimus,

222 1858 407 1924 Audiamus
431 1858 634 1946 Ovidium‚2)
664 1863 790 1942 quanta
817 1860 860 1925 sit
883 1860 1063 1925 intermissi
1087 1861 1190 1927 studii

135 1967 177 2031 10
220 1965 357 2044 iactura,
389 1966 442 2031 his
465 1966 618 2031 versibus
642 1967 677 2030 in
700 1968 727 2031 V
750 1966 908 2032 Tristium
931 1969 1187 2050 protestantem:

224 2072 351 2154 „Adde
374 2074 465 2156 quod
488 2073 656 2156 ingenium
679 2074 775 2156 longa
797 2073 948 2157 rubigine
972 2075 1099 2140 laesum

264 2178 390 2262 Torpet
414 2183 449 2244 et
472 2185 524 2245 est
546 2180 660 2259 multo,
684 2200 783 2262 quam
807 2180 870 2246 fuit
893 2184 980 2259 ante,
1004 2181 1124 2247 minus.

222 2285 367 2366 Fertilis,
391 2287 524 2353 assiduo
548 2288 576 2351 si
599 2306 667 2351 non
689 2289 866 2353 renovetur
889 2291 1010 2366 aratro,

264 2392 355 2457 Nihil
379 2394 442 2459 nisi
466 2413 542 2459 curn
565 2393 670 2476 spinis
693 2413 829 2476 gramen
852 2394 988 2459 habebit
1011 2414 1095 2477 ager.

134 2497 175 2564 15
222 2498 387 2581 Tempore
410 2501 467 2582 qui
492 2500 589 2583 longo
613 2499 753 2580 steterit,
777 2500 863 2565 male
887 2501 992 2566 currit
1015 2504 1049 2565 ct
1071 2502 1160 2566 inter

266 2606 463 2672 Carceribus
486 2607 604 2672 missos
628 2608 765 2672 ultimus
787 2607 851 2672 ibit
874 2626 988 2690 equus.

219 2713 364 2779 Vertitur
386 2715 421 2778 in
443 2717 593 2779 teneram
618 2714 740 2780 cariem
764 2714 921 2797 rimisque
946 2712 1096 2794 dehiscit,

264 2821 300 2886 Si
323 2841 390 2904 qua
413 2821 468 2886 diu
492 2821 597 2888 solitis
620 2822 737 2905 cymba
759 2821 889 2886 vacabit
912 2823 1037 2904 aquis“
1063 2858 1108 2870 —

220 2927 355 2992 Nullum
365 2931 537 3012 praeterea
549 2930 695 2995 laborem
708 2948 909 3006 recusemus
924 2929 1007 2993 utin
1020 2927 1184 2994 litteratos

22 3035 23 3050 ¹
130 3035 175 3099 20
218 3033 307 3098 viros
338 3035 532 3116 evadamus
569 3034 698 3116 capturi
731 3035 858 3100 dulcem
887 3036 1034 3100 fructum
1064 3034 1186 3101 radicis

219 3160 360 3206 amarae.
397 3141 541 3223 Ingenue
566 3141 765 3206 Hermolaus
788 3141 955 3206 Barbarus
978 3141 1014 3205 in
1037 3142 1182 3224 quadam

219 3247 360 3329 epistola
375 3248 473 3326 „Sine
486 3249 628 3328 labore‚“
643 3249 763 3332 inquit,
780 3247 869 3329 „sine
882 3248 1002 3330 vigiliis
1010 3249 1183 3331 pervenire

218 3373 315 3418 nemo
338 3357 449 3438 potest
471 3356 514 3420 ad
537 3376 585 3435 ea,
615 3376 700 3438 quae
724 3375 784 3422 nos
808 3375 828 3420 a
850 3354 948 3438 vulgo
972 3359 1128 3438 separant
1152 3358 1186 3421 et

218 3481 237 3526 a
267 3463 422 3543 populo.“
477 3461 519 3526 Et
546 3464 584 3527 ut
615 3463 703 3527 idem
732 3465 885 3541 testatur,
917 3462 1007 3543 apud
1039 3463 1183 3528 Graecos

129 3567 172 3634 25
218 3587 334 3633 versus
351 3568 517 3649 proverbii
533 3569 604 3634 viee
620 3569 808 3635 celebratus
828 3571 889 3648 est,
908 3568 1016 3651 quiin
1033 3568 1186 3635 Latinum

217 3675 456 3757 interpretatus
480 3677 527 3739 sic
551 3678 665 3740 sonat:

221 3782 372 3863 „Venten
398 3783 522 3865 pluma,
546 3783 656 3848 Venus
680 3784 811 3849 laudem
827 3782 982 3867 fugienda
997 3784 1181 3867 sequenti.“
