2960 4336
666 145 887 208 -40..

262 378 266 388 .
338 340 424 400 eam,
449 340 523 390 cum
546 321 693 402 primum
713 320 800 388 iuste
816 322 952 402 poteris,
976 323 1103 388 mutato
1120 326 1153 387 et
1168 320 1313 401 interim,

336 428 415 494 durn
439 427 649 508 remanseris,
674 428 925 510 diligentissime
946 431 980 494 te
1004 427 1125 493 avitiis
1143 429 1312 493 contineto

336 553 503 618 saepeque
527 534 592 600 alio
615 536 656 599 ad
680 534 845 600 studiosos
870 535 1114 619 condiscipulos
1144 535 1309 599 divertito.

746 765 817 830 XII.

583 905 643 974 De
666 905 858 992 temporis
882 905 973 975 otio.

273 1069 286 1132 t
337 1066 481 1144 Quidam
505 1069 659 1132 naturam
683 1086 858 1132 accusasse
882 1067 1084 1147 produntur,
1110 1067 1211 1148 quod,
1236 1086 1313 1130 cum

338 1173 563 1254 serpentibus,
589 1174 789 1250 cornicibus
819 1174 935 1254 cervia,
960 1174 1145 1256 elephantis
1169 1175 1311 1256 aliisque

336 1281 371 1344 id
405 1299 509 1362 genus
543 1279 742 1346 animalibus
773 1281 1000 1363 longissimam
1035 1281 1137 1346 vitam
1171 1281 1310 1360 dederit,

337 1387 473 1466 homini,
498 1387 551 1452 cui
575 1387 725 1454 discendi
749 1386 915 1472 cupiditas
945 1388 1094 1470 ingenita
1122 1393 1156 1453 et
1179 1387 1237 1470 qui
1261 1387 1312 1452 di-

270 1495 288 1557 5
330 1493 484 1558 vinarum
513 1515 627 1560 rerum
658 1514 761 1579 capax
791 1496 851 1574 sit,
887 1515 955 1558 non
987 1495 1051 1562 nisi
1079 1494 1313 1560 brevissimum

336 1600 423 1666 vitae
441 1603 585 1684 spatium
599 1603 810 1667 concesserit,
821 1601 848 1688 1)
871 1604 938 1667 Sed
954 1602 1102 1686 profecto
1119 1601 1310 1685 gravissime

336 1712 532 1774 erraverunt
548 1709 606 1787 illi,
631 1714 669 1774 ut
685 1708 741 1792 qui
759 1710 856 1774 deum
874 1711 908 1773 et
925 1711 1090 1774 humanae
1108 1709 1307 1774 conditionis

338 1815 439 1882 finem
468 1817 668 1898 ignorarent.
721 1817 755 1882 Si
784 1837 994 1882 communem
1026 1819 1160 1883 nostrae
1193 1818 1311 1882 aetatis

339 1924 521 1992 terminum
544 1926 709 2006 attingere
734 1926 843 2006 detur,
868 1927 895 1988 si
920 1945 980 1989 nec
1005 1926 1148 1989 sordidis
1172 1924 1312 2006 negotiis

252 2033 292 2096 lO
337 2031 546 2114 implicemur
584 2052 645 2096 nec
683 2033 839 2096 inanibus
879 2037 913 2096 et
951 2030 1172 2114 frigidissimis
1211 2032 1312 2096 rebus

336 2139 584 2220 tempusculum
607 2141 771 2216 teramus,
803 2139 862 2204 sed
889 2140 924 2202 id
952 2141 1040 2202 recte
1072 2139 1168 2203 bonis
1193 2139 1314 2230 studiis

336 2244 586 2328 impertiamur,
622 2246 706 2310 nihil
736 2247 803 2326 est,
840 2246 930 2328 quod
960 2247 1003 2310 de·
1029 2247 1117 2310 ritae
1147 2246 1311 2311 brevitate

337 2372 580 2434 conqueramur
604 2352 751 2434 satisque
775 2351 936 2435 temporis
960 2353 1003 2416 ad
1026 2353 1229 2417 studendum
1252 2352 1311 2417 ha-

337 2459 500 2536 bebimus,
524 2458 553 2522 si
577 2458 684 2523 virum
708 2459 930 2524 clarissimum
952 2460 1098 2524 Plinium
1120 2460 1312 2524 Secundum

253 2568 292 2633 15
341 2563 555 2644 imitabimur,
586 2565 643 2648 qui
666 2567 776 2648 perire
799 2585 898 2632 omne
922 2570 1055 2648 tempus
1079 2565 1313 2645 arbitrabatur,

340 2673 431 2756 quod
463 2673 581 2738 studiis
612 2693 681 2738 non
714 2673 975 2755 impenderetur.
1028 2673 1093 2750 Qui
1125 2672 1313 2753 parcissimi

339 2780 446 2844 somni
471 2781 572 2844 etiam
596 2799 717 2844 coenae
741 2784 902 2863 ternpore,
927 2779 1178 2862 quamanimae
1202 2782 1314 2861 fruga-

340 2885 442 2952 litatis
466 2887 641 2967 utebatur,
673 2890 707 2953 et
736 2888 772 2952 in
800 2887 920 2952 itinere
948 2888 1082 2951 studere
1107 2905 1175 2950 non
1198 2905 1315 2968 super-

338 2994 487 3059 sedebat.
536 2993 619 3058 Cato
644 3013 778 3082 quoque
808 2995 953 3072 interea,
986 2993 1065 3057 dum
1095 2996 1231 3058 senatus
1261 3013 1315 3057 oo-

249 3105 294 3168 ab
339 3105 484 3184 geretur,
509 3100 659 3166 lectitare
682 3100 719 3166 in
742 3100 833 3166 curia
863 3099 965 3165 libros
995 3099 1153 3182 frequens
1177 3097 1314 3178 solebat,

340 3209 430 3274 unde
443 3208 600 3273 nimirum
611 3207 647 3272 in
659 3228 730 3272 rem
742 3209 953 3290 praesentem
971 3209 1003 3271 et
1019 3207 1054 3270 in
1070 3227 1168 3272 omne
1185 3210 1318 3290 tempus

341 3315 560 3386 saluberrima
591 3314 717 3402 patriae
750 3313 889 3380 consilia
921 3314 1078 3380 dictabat.
1126 3307 1317 3378 Aleriander

337 3422 394 3486 ille
428 3443 486 3487 rex
510 3423 739 3487 Macedonum
776 3442 842 3486 non
867 3423 987 3485 *minus
1019 3421 1177 3505 imperio,
1214 3439 1317 3502 quarn

338 3533 556 3616 cognomento
580 3550 730 3612 magnus,
754 3528 930 3594 incastris
954 3529 1106 3594 lectitare
1130 3529 1317 3610 plurimum

250 3639 292 3704 25
339 3639 475 3702 solebat.
507 3636 614 3701 Julius
632 3637 764 3716 Caesar,
789 3637 846 3721 qui
863 3635 958 3701 nobis
976 3637 1168 3701 Romanum
1183 3634 1316 3718 peperit

332 3741 1319 3834 imperium,cumexercituproficiscenslibrosscriptitabat.
