2960 4336
562 175 782 240 ..37-

254 352 387 418 Laudes
411 352 453 418 ad
478 353 603 417 domini
627 353 711 436 pina,

254 460 357 527 Cuius
381 460 518 528 numine
542 463 622 526 sunt
644 461 757 525 omnia
780 460 925 539 condita,

254 567 398 633 Cunctas
422 588 475 632 res
498 567 637 632 memori
661 569 760 633 corde
785 567 886 633 sacris
908 568 1044 633 vocibus
1061 565 1203 649 impulit.

254 709 287 775 Is
310 710 458 776 cauteria
482 712 650 792 temperat

253 817 406 898 Aegrotis
429 818 545 887 oculis,
569 837 655 899 quae
679 819 787 882 bonus
812 818 959 900 applicat

139 925 201 1007 90)
255 923 450 1006 ChirurguS,
476 925 633 1008 precibus
657 923 852 989 munificum
876 923 1055 990 concilians
1079 923 1188 989 deum.

189 1086 191 1092 ’
254 1067 293 1130 In
316 1064 431 1131 vinum
455 1066 600 1149 liquidas
625 1086 729 1149 aquas

254 1173 437 1240 Convertit.
463 1174 615 1239 modulos
640 1193 795 1256 nuncque
819 1175 937 1239 aribus
960 1172 1034 1255 pios

252 1280 374 1346 Indicit
395 1281 527 1364 placida
549 1300 629 1346 voce
654 1283 751 1364 pater
775 1301 930 1364 nuncque
954 1279 1131 1345 silentium.

253 1422 337 1489 Cum
361 1427 516 1506 serpente
540 1423 719 1506 pecuniam

252 1530 402 1604 Mutavit,
426 1530 559 1597 famulis
584 1532 716 1596 edocuit
742 1531 804 1608 dei,

140 1638 199 1722 96)
255 1636 352 1715 Quod
364 1640 536 1721 tamquam
549 1637 678 1702 colubri
691 1637 789 1703 noxia
802 1639 880 1702 sunt
891 1637 982 1702 fulva
995 1637 1202 1704 nomismata.

251 1781 375 1862 Mystes
399 1779 525 1863 egregie
550 1780 662 1845 colens

255 1885 381 1969 Insigni
406 1886 533 1953 domuit
557 1907 593 1951 se
617 1887 779 1970 patientia

253 1987 325 2060 Nec
348 1993 483 2059 morbos
507 1994 609 2060 animi
633 1994 740 2059 secius
764 2014 802 2060 ac
826 1996 975 2078 corporis
1000 1995 1149 2060 abstulit.

253 2137 403 2203 Tandem
427 2136 542 2202 functa
565 2137 736 2202 laboribus

251 2244 354 2320 Mens,
378 2245 446 2309 iam
469 2245 638 2326 corporeis
662 2243 769 2309 libera
790 2245 940 2324 vinculis,

141 2353 224 2437 101)
254 2351 292 2416 ln
315 2352 412 2416 sedes
436 2351 561 2416 nitidas
586 2351 731 2434 empyrei
758 2352 891 2417 ducitur
914 2351 1073 2417 aetheris,

253 2492 322 2558 Illic
346 2492 529 2577 perfruitur
553 2493 608 2558 dei

253 2600 345 2665 Felix
367 2599 493 2665 intuitu
517 2604 683 2683 nactaque
707 2601 861 2683 proprias

253 2708 456 2791 Paupertate
480 2708 573 2773 brevi
598 2708 730 2773 divitias
754 2710 866 2774 omnia
888 2709 1049 2792 possidet.

252 2849 356 2916 Cuius
378 2850 548 2934 praesidio
572 2854 679 2933 pater,

251 2957 378 3022 Rerum
403 2957 555 3024 conditor
578 2961 609 3022 et
634 2959 798 3023 maximus
821 2957 957 3038 arbiter,

139 3066 221 3150 107)
252 3063 440 3147 Tutelaque
463 3065 550 3130 bona
573 3083 627 3129 res
652 3065 825 3130 hominum
847 3065 1002 3130 sublevat
1024 3065 1171 3130 obrutas.

252 3206 449 3271 Franciscus
473 3208 605 3272 revocet
628 3226 689 3271 suo

251 3349 293 3362 -
317 3313 389 3378 Noe
412 3314 664 3398 —patrocinio
687 3314 833 3380 iustitiae
857 3314 890 3378 in
915 3313 1002 3380 viam

252 3420 294 3483 Et
315 3420 423 3504 pulsis
446 3420 595 3486 tenebris
619 3420 796 3486 clarificam
822 3422 879 3486 det
902 3421 1119 3504 sapientiam!

379 3720 963 3777 *asaei-⁴4*
