2960 4336
299 388 422 455 artium
459 390 493 454 et
527 390 692 454 virtutum
727 387 867 454 studiosi
902 387 997 468 estis,
1041 390 1076 452 ut
1111 389 1222 452 minus
1257 389 1363 453 doctis

297 499 474 580 minusque
507 497 626 578 peritis
658 516 791 579 semper
825 496 988 560 doctiores
1021 515 1058 558 ac
1086 493 1264 576 peritiores
1292 517 1363 561 ma·

298 603 417 685 gistros
452 603 665 686 anteponatis
700 603 871 686 magisque
907 623 965 666 vos
1004 601 1144 667 tradatis
1184 603 1362 686 diligenter

252 755 255 762 -
298 709 522 775 instituendos
546 711 604 789 eie,
630 711 697 792 qui,
722 709 907 792 impensius
931 708 1093 791 perfectui
1116 711 1238 778 restro,
1264 730 1364 792 quam

299 817 452 900 quaestui
476 837 536 881 suo
560 817 696 894 intenti,
732 817 904 881 moderata
935 815 1111 881 severitate
1140 837 1198 882 vos
1226 838 1245 881 a
1273 817 1365 882 viliis

300 925 502 998 deterreant,
527 943 628 1006 quam
643 924 719 1003 illis,
744 925 801 1005 qui
820 923 923 987 nimia
939 923 1156 1005 indulgentia,
1180 925 1365 989 eliciendae

300 1030 464 1112 pecuniae
488 1032 601 1112 gratia,
626 1032 797 1095 vobiscum
829 1049 929 1112 saepe
953 1033 1181 1113 computantes
1205 1031 1365 1096 confabu-

299 1138 449 1204 lantcsre
467 1137 626 1202 dissolute
642 1138 776 1202 vivendi
794 1137 962 1202 licentiam
975 1138 1220 1219 imprudentiae
1232 1141 1367 1204 restrae

301 1245 511 1325 permittant.
559 1245 633 1321 Quo
665 1244 765 1326 igitur
796 1244 924 1309 facilius
954 1244 1115 1326 ingenuos
1145 1248 1177 1309 et
1201 1247 1369 1312 humanos

300 1355 535 1434 praeceptores
567 1353 773 1434 cognoscatis
802 1352 1017 1434 cognitosque
1046 1352 1137 1416 omni
1161 1353 1272 1417 studio
1296 1375 1369 1418 am-

300 1457 508 1540 plectamini,
540 1459 628 1522 hunc
657 1459 920 1540 epigrammaton
949 1459 1069 1540 librum
1094 1459 1194 1542 super
1218 1460 1370 1541 magistri

303 1567 336 1628 et
360 1564 599 1646 discipulorum
627 1565 743 1629 officiis
775 1567 987 1630 lucubratum
1018 1567 1113 1631 vobis
1143 1567 1232 1646 dioc,
1266 1589 1367 1650 quem

302 1671 525 1754 velim-aequi
548 1671 695 1754 bonique
720 1673 910 1736 consulatis.
950 1673 1018 1752 Nos
1043 1675 1131 1738 enim
1155 1695 1215 1758 pro
1239 1675 1366 1740 viribus

303 1778 345 1842 ad
369 1777 479 1842 studia
508 1782 620 1842 restra
648 1780 794 1844 iuvanda
822 1779 967 1843 nitemur
998 1784 1030 1845 et
1054 1785 1181 1845 aestate
1206 1782 1368 1863 proxima,

304 1885 331 1948 si
356 1885 437 1947 deus
461 1885 565 1967 gratia
589 1905 650 1949 sua
673 1885 830 1950 instituto
854 1889 968 1950 nostro
992 1887 1198 1967 aspiraverit,
1223 1888 1257 1952 iu
1282 1890 1370 1954 cele-

303 1991 448 2055 berrima
483 1992 582 2055 huius
619 1993 821 2056 clarissimae
861 1993 952 2057 urbis
988 1995 1101 2058 schola
1133 1995 1370 2076 profitebimur
1467 2043 1468 2056 ,

304 2097 483 2163 ordinariis
516 2098 606 2162 horis
639 2100 722 2163 duos
757 2100 859 2164 libros
894 2120 1080 2165 sermonum
1116 2102 1259 2182 Horatii,
1295 2103 1367 2167 eius
1467 2175 1468 2194 ἢ

304 2208 408 2269 artem
433 2205 614 2288 poeticam,
647 2207 789 2289 primum
820 2211 852 2270 et
882 2209 1065 2272 secundum
1091 2208 1192 2274 libros
1218 2210 1369 2275 consola·
1467 2207 1468 2212 ’

305 2311 405 2377 tionis
421 2311 539 2388 Boeui,
558 2315 719 2395 quasdam
737 2314 835 2378 Plinii
852 2315 992 2378 iunioris
1010 2315 1177 2398 epistolas,
1196 2317 1369 2382 dialectica

305 2419 533 2502 Trapezuntii‚
564 2420 687 2484 librum
719 2421 759 2484 de
789 2422 938 2503 quinque
970 2416 1201 2487 communibus
1232 2425 1369 2488 vocibus
1467 2457 1468 2488 r

307 2526 483 2608 Porphyrii
500 2530 532 2590 et
549 2526 669 2591 librum
688 2528 801 2592 decem
818 2529 1166 2608 praedicamentorum
1178 2530 1371 2595 Aristotelis
1467 2527 1468 2530 ’

307 2634 348 2698 ab
377 2633 583 2716 Argyropolo
611 2634 863 2715 interpretatos3
904 2639 995 2700 extra
1024 2638 1177 2701 ordinem
1208 2658 1285 2701 vero
1314 2659 1374 2704 sex

307 2741 409 2805 libros
433 2741 610 2805 Fastorum
634 2741 743 2805 Ovidii
772 2743 914 2806 utilitate
945 2744 1071 2826 pariter
1095 2744 1372 2828 iucunditateque

306 2848 529 2928 praestabiles
546 2852 579 2913 et
592 2847 851 2913 eruditissimam
865 2849 1020 2915 Politiani
1034 2852 1170 2933 sylvam,
1188 2852 1240 2916 cui
1252 2854 1373 2919 titulus

309 2956 359 3018 est
382 2954 533 3019 Rustico.
559 2957 682 3020 Valete.
708 2994 751 3001 —

397 3063 605 3143 lllonaslerii,
648 3083 735 3126 anno
771 3065 887 3128 salutis
923 3068 1056 3130 nostrae
1091 3066 1199 3145 MDX,
1243 3068 1371 3132 decimo

309 3172 428 3251 quarto
451 3170 619 3234 Kalendas
644 3170 851 3236 Novembris,
926 3165 930 3175 ’
1467 3159 1468 3170 ’
