2960 4336
233 386 405 470 Augustus
428 389 464 452 in
486 388 665 454 Mutinensi
689 388 786 467 belm,
811 407 881 451 rem
905 389 1033 452 tantam
1056 388 1203 468 adortus

231 515 364 577 semper
387 497 557 560 tamenin
581 493 698 560 castris
729 495 837 577 legere
868 498 926 560 aut
950 494 1096 560 scribere
1121 515 1203 578 quo-

229 601 379 685 tidieque
423 603 635 667 declamitare
678 604 907 667 consueverat.
969 600 1128 683 Senecat)
1167 603 1203 666 in

139 711 183 774 30
228 714 346 774 octava
369 710 411 774 ad
429 709 592 774 Lucilium
613 709 826 791 epistola'sic
851 710 891 773 de
916 729 951 773 se
975 709 1034 775 ait:
1062 709 1202 789 „Nullus

229 816 311 881 mihi
333 837 394 899 per
416 818 521 882 otium
545 817 616 881 dies
641 817 723 895 exit3
754 819 885 899 partem
912 817 1060 880 noctium
1084 816 1202 881 studiis
1271 809 1274 816 ’

228 922 376 1003 vindic03
401 944 468 989 non
490 944 571 988 vaco
596 943 722 996 somno,
747 924 806 987 sed
830 925 1009 988 succumbo
1034 927 1067 988 et
1090 925 1202 988 oculos

228 1029 341 1111 vigilia
374 1032 530 1113 fatigatos
566 1032 789 1113 cadentesque
824 1033 859 1094 in
898 1051 998 1113 opere
1034 1031 1198 1096 detine0.“

230 1136 439 1216 Aristoteles,
464 1158 541 1201 cum
564 1159 599 1202 se
624 1139 664 1202 ad
689 1138 836 1220 quietem
853 1141 1077 1218 componeret,
1100 1138 1203 1219 pilam

142 1245 184 1309 35
232 1263 368 1308 aeneam
391 1245 426 1308 in
450 1259 552 1309 manu
576 1245 730 1318 habebat,
754 1245 808 1309 cui
825 1245 959 1309 suberat
978 1264 1035 1309 vas
1052 1264 1203 1326 aeneum,

230 1354 275 1427 ut,
301 1350 329 1414 si
353 1350 461 1432 pilae
487 1371 587 1415 manu
611 1350 795 1430 excidisset,
820 1351 929 1415 souitu
953 1351 993 1415 ad
1016 1370 1076 1415 sua
1092 1351 1203 1414 studia

193 1522 195 1525 .
228 1463 262 1523 et
278 1459 578 1542 contemplationes
595 1459 803 1523 excitaretur.
831 1459 922 1524 Haec
939 1458 1036 1522 nobis
1053 1459 1203 1541 exempla

229 1584 467 1648 proponamus,
492 1569 527 1629 et
551 1566 711 1631 maiorem
734 1566 806 1630 aevi
831 1569 961 1648 partem
984 1585 1099 1629 somno
1124 1585 1202 1630 con-

229 1693 360 1736 sumere
391 1673 528 1737 taudem
559 1673 710 1756 pudebit.
758 1673 1021 1737 Exercitabimur
1050 1673 1138 1736 certe
1170 1674 1202 1736 ct

136 1783 180 1844 It)
228 1780 399 1844 ardentius
428 1781 534 1844 bonas
567 1783 654 1844 artes
686 1781 942 1862 amplectemur,
979 1780 1007 1844 si
1041 1779 1201 1860 temporis

226 1887 374 1969 pretium
398 1887 693 1952 aestimaverimus.

230 1993 318 2072 „Nec
343 2013 428 2074 quae
451 1995 625 2075 praeteriit
649 2013 750 2057 cursu
774 1993 984 2058 revocabitur
1008 1995 1108 2089 unda,

276 2101 345 2165 Nec
369 2120 455 2182 quae
479 2100 652 2183 praeteriit
675 2100 757 2164 hora
780 2101 889 2165 redire
912 2100 1091 2186 poesim)

228 2207 375 2272 Pueritia
395 2208 518 2290 raptim
538 2207 630 2288 fugit,
656 2209 714 2271 sed
730 2207 915 2290 puerilitas
941 2207 1009 2271 nisi
1032 2206 1200 2285 discimus,

135 2317 178 2378 45
228 2317 388 2378 remanet.
452 2315 685 2379 Subducamus
725 2335 802 2396 crgo
847 2335 907 2379 nos
946 2335 1007 2396 pro
1046 2314 1201 2378 facultate

208 2421 503 2503 occupationibus
527 2424 560 2486 et
584 2425 714 2504 tempus
742 2421 777 2484 in
801 2442 914 2485 rerum
936 2421 1202 2486 necessariarum

228 2529 340 2592 studia
364 2549 547 2610 erogemus.
595 2529 774 2610 Tantisper
798 2531 926 2608 tamen,
960 2530 1038 2593 dum
1063 2548 1201 2610 corpore

227 2635 380 2700 laborare
411 2635 487 2717 quis
515 2635 655 2716 cogitur,
688 2635 789 2699 anImi
820 2635 967 2700 studium
994 2635 1201 2700 intermittat.

227 2742 324 2820 Nam,
347 2744 385 2805 ut
408 2742 443 2806 in
467 2741 681 2808 Politicorum
702 2742 779 2807 VIII
804 2741 918 2806 scribit
941 2740 1202 2825 philosophus&

136 2853 181 2914 50
227 2850 324 2914 simul
347 2852 458 2913 mente
481 2851 513 2914 et
530 2868 667 2930 corpore
684 2850 836 2914 laborare
854 2869 921 2914 non
938 2851 1102 2930 opportet,
1127 2869 1202 2913 cum

229 2955 431 3020 seinvicem
455 2956 618 3037 impedire
644 2957 723 3020 nata
746 2957 824 3035 sint,
856 2956 950 3019 labor
974 2956 1108 3036 quidem
1131 2975 1203 3020 cor-

227 3064 318 3145 poris
343 3066 498 3143 mentem,
522 3064 645 3128 mentis
669 3068 782 3128 autem
806 3082 935 3145 corpus
965 3085 967 3088 ·

626 3295 713 3360 XIII.

497 3434 557 3504 ne
581 3401 730 3523 uupuoi
753 3436 845 3504 ouo.

99 3584 126 3678 ’Ἴ
163 3600 177 3661 1
229 3598 278 3661 De
294 3598 453 3681 temporis
470 3597 537 3662 otio
562 3599 654 3676 salic,
678 3599 713 3662 ni
736 3598 842 3679 fallor,
867 3599 991 3663 dictum
1016 3602 1080 3677 est3
1104 3618 1202 3676 nune,

5 3695 6 3770 l
229 3703 309 3784 quia
321 3705 413 3770 locus
426 3703 623 3786 neutiquam
636 3708 778 3783 recusat,
797 3707 837 3769 de
850 3704 973 3786 duplici
987 3706 1055 3768 otio
1069 3705 1203 3787 cognItu

230 3829 297 3876 nou
320 3810 503 3878 iniucunda
519 3810 669 3876 subiicio.
699 3811 759 3876 Est
775 3811 889 3894 otium,
907 3830 971 3894 quo
989 3812 1030 3876 ab
1047 3813 1202 3879 omnibus
