2960 4336
569 213 789 278 -51-

240 390 357 471 gineus
381 387 424 453 sit
446 389 554 471 paniS,
583 390 791 456 emendicato
816 390 942 456 furfure
971 391 1073 474 magis
1096 391 1207 457 vesci?

241 496 359 561 Cesset
380 496 510 562 vanitas
533 497 591 562 illa
611 498 820 580 quorundam
837 497 1017 579 hominum,
1042 499 1100 582 qui
1116 503 1209 564 extra

240 603 384 685 patriam
407 602 530 667 liberos
560 623 638 668 suos
666 603 784 668 melius
806 603 967 686 proficere
991 605 1207 671 arbitrantur.

241 709 318 774 Non
344 712 485 791 possunt
514 713 616 792 certe,
654 712 682 775 si
712 709 821 776 Plinio
849 711 970 776 iuniori
979 710 1005 797 1)
1032 713 1207 794 medimna,
1318 700 1321 708 ’

155 818 196 881 10
243 818 301 880 aut
324 816 499 881 iucundius
524 818 653 898 morari,
677 837 778 900 quam
800 818 836 882 in
855 818 965 902 patria
981 821 1039 883 aut
1054 820 1208 902 pudicius

241 923 419 1004 contineri,
448 943 548 1006 quam
578 924 640 987 sub
669 923 773 989 oculis
793 928 979 1006 *parentum
1003 928 1060 990 aut
1082 925 1208 991 minore

242 1035 388 1112 sumptu,
412 1051 513 1114 quarn
537 1032 634 1096 domi.
668 1031 744 1097 Non
760 1032 960 1096 convalescit
976 1033 1099 1116 planta,
1124 1051 1208 1115 quae

242 1157 342 1220 saepe
354 1138 561 1203 transfertur.
587 1138 789 1220 Magistrum,
802 1139 856 1203 cui
868 1140 969 1203 semel
980 1141 1209 1219 assueverunt,

242 1244 271 1308 si
294 1246 392 1310 modo
415 1246 523 1310 bonus
548 1245 604 1325 sit,
635 1247 799 1328 tantisper
823 1281 864 1296 -
889 1247 917 1311 si
945 1246 1115 1310 commode
1139 1244 1209 1310 fieri

153 1352 192 1416 15
238 1354 414 1433 potest-
439 1351 590 1433 audiant,
623 1353 727 1417 donec
761 1355 795 1417 et
826 1352 1008 1418 litterarum
1031 1351 1151 1434 peritia
1174 1354 1209 1416 et

242 1460 351 1524 aetate
375 1459 479 1523 adulti
503 1460 545 1524 ad
568 1459 798 1542 philosophiae
822 1460 931 1524 studia
954 1459 989 1523 in
1006 1458 1209 1523 academiam

241 1566 386 1647 aliquam
403 1566 678 1631 transmittantur.
704 1567 836 1631 Interea
852 1568 1005 1649 parentes
1020 1565 1208 1648 pecuniam,

242 1693 342 1756 quam
377 1673 524 1755 alioquin
558 1674 744 1756 expendere
781 1675 991 1755 cogerentur,
1029 1671 1105 1736 filiis
1140 1673 1209 1736 suis

240 1783 388 1862 parcant,
412 1782 449 1844 ut
467 1781 585 1863 postea
600 1779 831 1864 philosophico
848 1777 1065 1845 contubernio
1083 1779 1209 1844 diutius

151 1889 196 1952 20
243 1887 407 1952 interesse
429 1886 569 1969 possint.

638 2172 720 2236 XIX.

167 2347 280 2442 Quae
304 2347 385 2417 sint
408 2346 591 2435 discipuli
614 2360 707 2435 erga
728 2350 1028 2434 praeceptorem
1052 2345 1191 2415 officia.

178 2548 192 2611 1
244 2547 309 2624 Qui
331 2545 510 2629 probatum
533 2546 782 2628 praeceptorem
806 2546 924 2609 nactus
948 2544 1017 2623 est,
1046 2543 1209 2626 imprimis

242 2673 319 2717 eum
342 2656 430 2718 amet
457 2655 490 2718 et
512 2653 607 2716 colat.
654 2651 713 2715 Est
742 2651 829 2716 enim
856 2670 948 2714 amor
983 2651 1070 2713 teste
1099 2648 1208 2714 Plinio

241 2759 367 2825 iuniore
376 2758 403 2844 1)
426 2760 581 2842 magister
605 2757 758 2840 optimus.
802 2758 854 2838 Et,
878 2760 916 2821 ut
939 2757 1096 2822 Petrarca
1118 2755 1209 2837 dicit,

243 2867 344 2930 habet
366 2866 429 2930 hoc
453 2865 561 2930 omnis
587 2863 753 2929 doctrina:
777 2865 880 2928 Multo
902 2863 1031 2928 facilius
1054 2861 1090 2925 in
1114 2862 1208 2926 audi-

175 2973 196 3037 5
243 2972 324 3036 toris
348 2972 494 3037 animum
519 2972 560 3036 ab
585 2975 692 3035 amato
715 2974 932 3054 praeceptore
957 2968 1208 3034 transfunditur.

243 3078 502 3164 Quintilianus‘2)
536 3078 571 3142 in
601 3079 632 3142 ll
661 3079 746 3143 libro
776 3078 824 3142 sic
848 3078 977 3142 scribit:
1015 3076 1135 3155 „Plura
1168 3075 1209 3139 de

244 3184 359 3250 officiis
376 3185 564 3251 docentium
578 3186 707 3250 locutus
720 3183 902 3266 discipulos
914 3183 947 3247 id
961 3202 1063 3247 unum
1077 3180 1210 3246 interim

243 3312 378 3371 moneo,
413 3295 451 3356 ut
481 3295 713 3374 praeceptores
745 3311 822 3357 suos
854 3310 921 3356 non
950 3289 1076 3369 minue,
1110 3307 1210 3369 quam

242 3399 315 3482 ipsa
342 3399 453 3464 studia
481 3402 592 3463 ament
627 3401 660 3462 et
693 3399 849 3481 parentes
878 3416 950 3461 esse
980 3415 1044 3459 non
1076 3393 1211 3477 quidem

156 3507 198 3573 10
245 3525 436 3589 corporum.
471 3507 531 3571 sed
566 3505 726 3571 mentium
759 3504 906 3568 credant.
953 3502 1093 3566 Multum
1127 3502 1211 3565 haec

244 3613 352 3694 pietas
377 3612 505 3678 confert
528 3613 648 3692 studio,
677 3631 755 3676 nam
778 3610 825 3674 ita
849 3613 883 3674 et
906 3608 1050 3672 libenter
1073 3606 1211 3672 audient

245 3721 278 3782 et
301 3719 396 3784 dictis
420 3703 555 3784 credent
582 3722 615 3784 et
642 3738 715 3783 esse
743 3715 864 3780 similes
895 3715 1146 3797 concupiscent,
1174 3712 1211 3775 in

245 3823 335 3910 ipsos
369 3825 513 3908 denique
542 3828 655 3891 coetus
684 3823 873 3889 scholarum
905 3820 985 3887 laeti
1018 3823 1051 3884 et
1085 3819 1209 3884 alacres

998 3961 1043 4028 4.
