2960 4336
1 2593 3 2682 l

589 199 809 262 -37-

255 391 316 436 nec
340 374 479 455 putavit,
511 395 547 438 se
572 375 672 439 simul
695 396 795 458 posse
821 380 853 441 et
875 377 1013 444 virtutes
1037 383 1071 445 et
1095 381 1228 446 divitias

254 480 456 561 possidere.“
486 482 542 561 „Si
557 481 635 559 vis“,
652 482 762 565 inquit
775 483 936 571 Senecal)
956 507 1092 566 ,vacare
1106 489 1227 570 anima,

163 586 207 649 45
256 589 315 650 aut
338 607 466 670 pauper
491 589 535 653 sis
559 593 691 671 oportet
721 594 778 655 aut
806 594 949 675 pauperi
978 593 1106 658 similis.
1152 595 1230 661 Non¹

255 698 366 775 potest
390 697 537 760 studium
563 697 707 762 salutare
731 698 805 762 fieri
829 698 901 762 sine
924 700 1123 783 frugalitatis
1141 722 1226 767 cura.

255 800 442 883 Frugalitas
467 807 580 868 autern
602 808 783 887 paupertas
807 807 994 872 voluntaria
1017 812 1098 872 est.“

680 1089 716 1154 X.

262 1262 611 1356 Quemadmodum
635 1264 754 1347 dives,
778 1284 932 1354 pauper
955 1271 995 1336 et
1017 1267 1134 1357 inops
1156 1343 1160 1350 ,

398 1371 661 1482 scholasticus
684 1372 814 1442 vivere
839 1371 995 1443 debeat.

190 1569 203 1632 l
257 1561 296 1632 Si
316 1569 474 1650 parentes
497 1568 547 1633 tui
565 1569 689 1634 divitiis
712 1571 883 1635 abundant
900 1570 1150 1655 liberaliterque
1167 1574 1228 1638 tibi

254 1675 431 1755 pecuniam
455 1677 684 1758 suppeditant,
710 1698 749 1742 ea
773 1698 834 1741 nec
855 1679 993 1742 abutere
1009 1700 1070 1744 nec
1088 1680 1228 1745 nimium

254 1781 392 1846 confide.
447 1783 645 1864 „Litterae“,
675 1788 713 1847 nt
742 1784 778 1848 in
808 1783 970 1849 Rufinum
999 1787 1149 1852 scribens
1181 1786 1227 1853 ait

254 1888 520 1974 Hieronymus,1)
547 1890 771 1973 „marsupium
788 1911 856 1955 non
873 1896 1069 1974 sequuntur,
1094 1895 1226 1959 sudoris

185 1997 205 2060 5
255 1995 394 2060 comites
425 1999 504 2060 sunt
536 1999 569 2061 et
597 1998 736 2077 laboris,
768 2000 877 2063 sociae
908 1998 1124 2080 ieiuniorum,
1160 2021 1226 2066 non

253 2102 445 2183 saturitatis,
464 2105 700 2184 continentiae,
717 2125 783 2168 non
800 2105 959 2170 luxuriae.
984 2108 1226 2172 Demosthenes

253 2211 330 2293 plus
354 2211 433 2289 olei,
465 2232 564 2293 quarn
596 2211 664 2275 vini
688 2213 885 2295 expendisse
909 2213 1030 2277 dicitur
1054 2216 1088 2279 et
1112 2234 1226 2278 omnes

252 2316 388 2398 opifices
412 2318 583 2390 nocturnis
608 2339 741 2400 semper
764 2319 885 2401 vigiliis
908 2321 1154 2400 praevenisse“.
1190 2322 1226 2386 Si

252 2426 401 2489 modicae
425 2425 601 2489 facultates
626 2425 690 2490 tuis
711 2427 907 2507 parentibus
925 2429 1002 2490 sunt
1016 2426 1149 2510 ipsique
1166 2448 1225 2492 sno

165 2535 206 2598 10
253 2532 365 2596 labore
389 2534 525 2613 pariunt
549 2536 582 2596 et
611 2533 801 2615 frugalitate
830 2536 1060 2616 compereunt,
1090 2555 1155 2616 qno
1189 2538 1226 2600 tu

252 2639 391 2704 liberius
420 2639 583 2703 bonarum
615 2641 737 2704 artium
768 2640 885 2705 studiis
914 2660 1025 2719 vacca,
1056 2661 1149 2720 cave,
1173 2662 1225 2722 ne,

253 2748 289 2810 ut
319 2745 544 2828 nequisissimi
577 2746 703 2828 quique
740 2749 865 2826 solent,
900 2767 1023 2828 ganeas
1056 2748 1160 2830 magis
1192 2752 1227 2812 et

252 2855 410 2935 popinas,
443 2873 544 2934 quam
576 2853 763 2918 litterarum
791 2853 997 2934 gymnasium
1020 2853 1224 2936 frequentes

253 2961 397 3042 Segrega
419 2962 452 3023 te
476 2959 589 3042 potius
613 2981 632 3024 a
656 2960 801 3042 prodigis
826 2963 859 3024 et
882 2962 973 3042 quod
996 2961 1139 3025 maximo
1170 2983 1226 3025 su-

187 3069 201 3088 ⁷
253 3068 330 3131 dore
354 3067 543 3149 quaesitum
568 3069 628 3146 est,
660 3067 815 3132 nonnisi
840 3067 875 3130 in
907 3070 1113 3149 necessarios
1145 3089 1225 3132 usus

253 3175 412 3255 expende.
439 3173 556 3237 Libros
574 3194 659 3253 ama,
684 3195 740 3239 eos
757 3175 970 3256 amplectere,
992 3196 1048 3241 eos
1065 3176 1225 3257 osculare,

254 3301 315 3345 nec
337 3281 527 3362 voluptates
552 3284 683 3363 appete,
712 3282 772 3345 sed
796 3283 892 3364 longe
917 3281 1046 3364 aufuge,
1077 3282 1225 3365 cogitans

253 3392 286 3453 te
310 3387 352 3452 ad
375 3389 501 3452 maiora
528 3387 690 3470 genitum,
722 3407 821 3470 quarn
854 3392 889 3452 ut
920 3389 965 3454 sis
996 3391 1145 3472 corporis
1176 3391 1225 3454 tui

252 3494 465 3576 mancipium.
495 3496 561 3559 Eos
586 3495 648 3559 tibi
672 3494 764 3560 cibos
781 3516 948 3578 compara,
973 3496 1030 3578 qui
1048 3496 1226 3561 salubriter

162 3605 207 3668 20
250 3603 349 3678 alant,
375 3621 441 3665 non
466 3602 524 3685 qui
548 3602 635 3666 dulci
660 3606 793 3684 gustum
825 3623 944 3686 sapore
974 3603 1129 3668 afficiant.
1177 3605 1225 3668 De

253 3711 395 3773 crastino
418 3710 466 3773 ita
482 3709 527 3773 sis
545 3709 718 3786 sollicitus,
742 3713 779 3792 ut
795 3711 929 3792 longum
945 3714 1078 3792 tempus
1094 3710 1225 3775 modico

252 3820 388 3898 sumptu
410 3816 706 3882 transmittendum
730 3818 826 3899 seiae,
851 3838 893 3881 ne
918 3837 1017 3900 saepe
1039 3819 1224 3901 intercepto
