2960 4336
604 193 944 270 '-ao-

391 383 484 462 Quae
508 381 612 448 clausi
637 383 750 462 fontis,
775 383 907 448 clausae
930 402 1016 466 quae
1040 381 1147 465 gratia
1169 381 1339 464 gemmae?

434 509 627 574 Thesaurus
651 507 733 590 quid
757 507 847 572 humi
873 510 981 573 tectus
1005 508 1140 572 honoris
1164 506 1288 572 hahet?

390 634 497 698 Omne
520 635 646 698 bonum
668 635 761 697 tauto
785 632 898 714 potius
921 631 1232 716 praestabiliusque,

300 763 337 846 8)
432 758 599 826 Diffusum
622 761 749 841 quanto
772 760 872 824 latius
896 758 1039 823 emicuit.

389 885 454 963 Qui
480 885 576 950 docet
598 885 760 964 indoctos,
785 883 892 948 caecis
916 882 972 965 qui
996 883 1124 948 lumina
1147 883 1287 961 confert,

434 1010 466 1073 Is
490 1014 580 1075 recte
603 1009 738 1092 sapiens
762 1009 870 1074 utitur
893 1011 966 1072 arte
991 1027 1060 1072 sua.

802 1330 860 1393 III.

503 1508 625 1579 Bonis
649 1507 801 1578 artibus
824 1505 1069 1577 studendum
1092 1509 1162 1576 est.

434 1690 470 1755 Si
495 1688 590 1771 cupis
613 1708 691 1753 vere
714 1685 786 1752 fieri
810 1689 940 1766 beatus,

436 1815 551 1880 Rebus
576 1815 720 1878 externis
743 1811 873 1876 iuhiare
898 1812 976 1892 noli,

435 1941 526 2018 Quas
551 1942 636 2004 rotat
659 1959 790 2021 semper
813 1937 975 2020 varioque
998 1937 1118 2002 miscet

474 2065 589 2130 Nortia
598 2064 625 2150 1)
648 2084 737 2130 casu.

434 2191 530 2255 Unde
555 2191 657 2272 caligo
680 2191 907 2272 tenebraeque
932 2190 1045 2268 menti,

435 2316 533 2394 Quod
556 2315 738 2398 voluptatis
761 2314 858 2379 facile
881 2314 1069 2396 implicatur

325 2537 327 2540 Ι
433 2439 593 2519 vinculis
618 2439 693 2504 duri
715 2440 847 2522 patiens
872 2439 995 2504 laboris

472 2567 609 2648 Neglige
633 2585 763 2648 eorpus

435 2692 507 2770 Quo
533 2691 587 2755 dei
611 2689 671 2755 iias
695 2690 823 2770 similis,
848 2691 978 2755 colatur

434 2815 567 2880 Artium
591 2818 683 2880 cultu
706 2815 767 2880 tibi
791 2815 922 2879 liberali

435 2943 557 3008 Pectus
582 2945 614 3006 et
638 2941 716 3006 lima
740 2942 822 3005 rude
846 2939 1040 3023 discipliuae

473 3067 539 3133 Cor
562 3067 716 3150 poliatur.

435 3192 479 3257 Ut
502 3191 731 3272 bouis-primo
756 3190 873 3255 studiis
898 3191 939 3254 ab
964 3210 1044 3254 aevo

435 3318 560 3382 Sedulo
585 3335 757 3381 assuescas
780 3299 861 3399 pius'
879 3315 1063 3399 optimique

436 3442 551 3507 Cultor
574 3443 696 3507 evadas
719 3442 836 3523 patris,
861 3441 1030 3505 eruditum

471 3568 603 3646 Quaere
627 3567 828 3649 magistrum.

434 3692 593 3774 Corporis
618 3693 710 3758 dotes
734 3691 854 3756 minuit
877 3692 1039 3770 senectus,

434 3818 563 3883 Aurum
587 3821 619 3882 et
643 3821 817 3900 argeutum
840 3819 1014 3900 nequeunt
1037 3817 1151 3881 iuvare
