2960 4336
686 165 906 232 ,56-

291 341 312 406 5
358 343 392 407 et
423 341 495 424 ipse
527 341 665 408 claudus
695 343 866 408 ambulare
896 342 1033 410 disces.“
1071 343 1261 430 Petrarca¹)
1289 343 1324 408 in
1461 333 1462 338 ’

358 447 539 515 Bucolicis:

362 556 550 634 „Pastorem
574 557 698 639 pastor,
720 557 882 640 pecudem
906 576 1007 640 pecus
1031 556 1137 623 inficit
1159 563 1286 641 aegra.“

359 659 524 747 Seneca2)
546 662 581 726 in
605 662 748 744 epistola
770 663 848 728 VII:
888 663 990 742 „Cum
1018 664 1070 729 his
1097 685 1239 745 versare,
1268 665 1326 749 qui

260 831 263 836 .
358 773 392 834 te
415 769 585 836 meliorem
608 768 728 835 facturi
753 773 838 835 sunt.
886 770 965 836 Illos
993 771 1147 850 admitte,
1177 791 1262 856 quos
1290 776 1327 837 tu

232 871 238 882 “
274 878 315 942 10
361 879 456 961 potes
473 876 579 942 facere
596 877 758 942 meliores.
788 878 902 944 Mutuo
918 877 982 942 ista
997 876 1093 960 fiunt,
1117 882 1151 944 et
1165 881 1326 961 homines,

360 985 440 1050 dum
468 984 599 1061 docent,
628 983 790 1049 discunt.“
839 984 1070 1069 Aristotclesl)
1098 987 1133 1051 in
1160 986 1205 1050 IX
1232 986 1327 1052 Ethi-

361 1109 476 1156 oorum
510 1089 694 1156 volumine:
742 1091 876 1170 „Disces
909 1112 949 1156 ex
980 1092 1137 1158 studiosis
1172 1093 1328 1158 nimirum

363 1196 492 1279 optima
530 1201 691 1279 semper.“
750 1198 801 1262 Sit
839 1198 1033 1264 adolescens
1072 1219 1150 1283 erga
1187 1201 1328 1280 sodales,

361 1304 616 1370 contubernales
639 1305 673 1369 et
696 1323 810 1370 omnes
833 1306 1077 1390 condiscipulos
1098 1307 1278 1372 benevolus
1295 1309 1329 1371 et

275 1412 315 1478 15
359 1413 598 1494 perhumanus
621 1412 873 1495 probatissimos
897 1432 1046 1496 quosque
1067 1416 1101 1478 et
1116 1413 1329 1497 diligentissi-

361 1538 432 1584 mos
455 1520 544 1584 amet
566 1517 675 1602 iisque
699 1537 735 1582 se
759 1519 933 1601 adiungat,
968 1539 1044 1585 curn
1074 1522 1122 1586 eis
1152 1539 1188 1585 se
1211 1521 1329 1585 crebro

360 1626 396 1690 in
419 1625 538 1691 litteris
559 1627 729 1704 exercitet,
754 1625 872 1692 Latino
889 1647 1020 1710 semper
1035 1645 1189 1693 sermone
1206 1631 1329 1710 utatur,

362 1732 591 1816 congrediatur
603 1733 702 1798 etiarn
711 1753 952 1816 nonnunquam
961 1734 1132 1800 dialectico
1141 1733 1329 1800 certamine.

361 1841 401 1906 ld
415 1841 504 1906 enim
524 1840 693 1922 ingenium
711 1841 810 1921 acuit,
834 1840 981 1924 linguam
997 1842 1106 1907 erudit
1121 1841 1331 1908 memoriam-

276 1951 319 2016 tO
365 1968 431 2032 que
455 1945 636 2012 confirmat.
684 1947 818 2032 Optima
849 1950 899 2014 est
927 1948 1112 2014 studiorum
1141 1949 1330 2015 aemulatio

367 2055 463 2121 Unde
479 2054 689 2136 Aristoteles,
712 2056 943 2137 interrogalus,
968 2073 1034 2139 quo
1056 2057 1153 2138 pacto
1177 2055 1334 2138 discipuli

363 2159 492 2244 egregie
507 2161 716 2244 proficerent,
743 2161 799 2242 „Si
815 2163 1096 2243 excellentiores“,
1114 2160 1207 2248 ait‚4)
1234 2181 1333 2245 „pro-

363 2272 542 2352 sequentes
586 2268 748 2335 tardiores
790 2290 858 2336 non
900 2270 1108 2335 attendant“.
1170 2269 1334 2336 Generosi

363 2374 464 2441 animi
482 2377 544 2455 est,
561 2375 683 2454 dolere,
707 2396 744 2442 se
760 2376 846 2442 vinci
863 2377 948 2440 etin
964 2377 1080 2442 eodem
1096 2375 1196 2441 studii
1211 2395 1333 2458 genere

276 2481 317 2548 bb
363 2482 571 2547 versantibus
593 2483 751 2565 postponi
775 2502 813 2548 ac
836 2484 932 2565 quasi
954 2483 1159 2548 hebetiorem
1176 2482 1331 2566 relinqui.

367 2588 479 2668 „Licet
507 2587 616 2670 ipsa“,
655 2590 691 2655 ut
723 2590 770 2654 ait
803 2588 976 2676 Fabiusl),
1019 2589 1155 2668 „vitium
1189 2589 1233 2654 sit
1260 2610 1332 2655 am-

363 2693 457 2776 biti0,
480 2696 672 2779 frequenter
694 2697 806 2762 tamen
830 2716 931 2762 causa
953 2696 1114 2762 virtutum
1138 2699 1218 2761 est.“
1255 2697 1332 2762 Non

363 2802 488 2884 pudeat
527 2802 761 2883 indoctiorem,
801 2804 842 2868 ab
884 2805 965 2882 alio,
1004 2803 1062 2886 qui
1099 2802 1237 2885 peritior
1277 2803 1332 2885 sit,

365 2907 501 2974 discere.
548 2911 654 2975 Malus
676 2911 785 2994 pudor
809 2913 874 2992 est,
903 2929 969 2992 quo
999 2929 1019 2974 a
1048 2910 1200 2994 profectu
1227 2909 1332 2992 impe-

278 3015 321 3081 30
366 3016 485 3081 dimur.
523 3016 697 3082 Habeatur
729 3036 860 3100 semper
890 3015 925 3081 in
953 3018 1087 3098 pectore
1112 3017 1333 3082 Horatianum

364 3121 496 3209 illud⁶):

413 3230 500 3311 „Cur
522 3230 649 3296 nescire
671 3231 801 3316 pudens
821 3249 924 3314 prave
941 3250 1041 3313 quam
1058 3231 1185 3296 discere
1201 3229 1329 3295 mal0?“

367 3337 442 3403 Non
466 3340 620 3420 gravetur
644 3339 746 3404 etiarn
774 3337 908 3420 doctior,
935 3337 1176 3422 imperitiorem
1203 3338 1332 3417 docere,

366 3463 444 3509 narn
472 3446 558 3510 teste
586 3444 790 3522 Quintiliano
818 3445 983 3528 optimum
1009 3443 1204 3529 proficiendi
1227 3463 1332 3527 genus

278 3551 321 3616 35
368 3555 420 3617 est
443 3552 572 3633 docere,
597 3572 682 3635 quae
699 3553 864 3617 didiceris.
889 3549 1051 3636 Senecal)
1066 3551 1101 3616 in
1116 3552 1177 3616 VII
1193 3549 1333 3632 epistola

366 3659 418 3724 his
441 3657 551 3725 verbis
575 3659 694 3725 utitur:
726 3661 785 3740 „In
807 3659 869 3724 hoc
893 3659 1019 3742 aliquid
1042 3659 1169 3742 gaudeo
1193 3657 1332 3737 discere,

368 3769 404 3832 ut
436 3767 586 3850 doceam,
623 3787 685 3833 nec
712 3785 766 3832 me
792 3767 860 3833 ulla
887 3786 940 3832 res
964 3765 1155 3847 delectabit,
1189 3765 1266 3830 licet
1290 3763 1334 3828 sit
1409 3816 1412 3822 .
