2960 4336
537 184 750 248 „21-

241 362 425 441 Mortuum3
449 360 538 424 solae
562 359 712 441 probitas
735 360 872 424 humato

121 486 173 570 10)
278 484 410 568 Arsque
434 487 625 567 supersunt.

612 717 664 782 IV.

287 859 347 928 De
371 857 511 928 officiis
533 856 712 947 magistri
735 860 776 926 et
799 855 991 946 discipuli.

242 1021 293 1086 Sit
316 1021 484 1086 litteratus
508 1019 732 1103 adprobisque
756 1020 906 1085 moribus

240 1147 398 1228 Magister
421 1147 455 1210 01
471 1144 601 1214 ¹vocalis
625 1148 659 1208 01
682 1144 844 1226 pecuniae
879 1117 882 1123 ¹

240 1270 459 1351 contemptor
483 1288 521 1333 ac
545 1270 679 1350 patiens
702 1269 826 1333 laboris
850 1268 975 1348 seduli;

241 1395 463 1460 Severitatem
487 1395 645 1458 comitate
667 1395 831 1475 temperet

243 1521 415 1603 Magisque
440 1518 553 1597 amari,
578 1537 676 1602 quam
701 1518 810 1582 timeri
835 1537 870 1582 se
893 1518 984 1599 velit,

243 1644 397 1709 Parentis
422 1643 570 1708 animum
592 1642 788 1724 praeferens
812 1642 1028 1707 scholasticis.

239 1769 385 1835 Auditor
410 1770 516 1834 alinae
541 1769 584 1833 sit
608 1788 713 1851 capax
736 1767 906 1846 scientiae,

239 1895 440 1974 Benevolus,
466 1896 611 1959 attentus
635 1893 757 1977 pioque
781 1896 931 1976 pectore3

242 2022 286 2086 Ut
310 2022 432 2101 studia,
457 2021 503 2086 sio
527 2022 633 2087 bonos
657 2016 862 2104 professores
887 2021 973 2086 00101

240 2148 373 2230 Eosque
398 2146 560 2212 mentium
584 2145 689 2230 patris
713 2145 890 2210 existimet.

622 2381 657 2443 V.

299 2518 436 2614 Qualis
461 2518 607 2589 debeat
629 2536 717 2588 esse
740 2520 988 2606 praeceptor.

175 2665 277 2730 Haud
300 2683 396 2728 secus
421 2682 458 2728 ac
481 2663 611 2744 genitor
634 2660 765 2726 sincero
789 2662 888 2726 corde
911 2661 1076 2743 benignus

219 2787 408 2871 Discipulos
433 2788 535 2851 debet
559 2785 676 2851 doctor
700 2806 812 2850 0111010
836 2805 923 2850 0000.

174 2912 333 2995 Corporis
356 2912 411 2976 ille
434 2931 567 2994 parens,
591 2914 686 2994 pater
709 2911 764 2974 hic
787 2913 837 2975 est
860 2909 983 2974 mentis
1007 2914 1040 2974 01
1064 2911 1171 2976 almus

111 3039 142 3117 1)
220 3037 349 3120 Ingenii
373 3037 481 3103 cultor
504 3035 719 3119 iustitiaeque
743 3009 843 3100 001011

174 3164 388 3246 Compositor
412 3183 541 3228 morum
565 3161 859 3244 doctrinarumque
882 3159 1039 3244 magister

221 3288 366 3370 Argento
391 3287 539 3352 studium
562 3287 639 3368 plus
663 3285 809 3351 iuvenile
834 3286 930 3351 colat.

176 3413 243 3491 Qui
268 3413 366 3478 ninris
390 3412 540 3495 indulget
563 3412 678 3494 pueris
703 3415 737 3476 01
761 3413 875 3494 captat
898 3410 1022 3494 iniquis

113 3537 148 3619 8)
224 3537 394 3608 Illecebris
418 3537 566 3618 iuvenes,
590 3557 657 3601 non
680 3536 776 3600 timet
798 3536 853 3600 ille
877 3537 985 3601 deum.

177 3662 239 3726 Est
261 3662 496 3745 praeceptoris,
520 3683 629 3728 mores
653 3661 821 3746 praeferre
845 3681 977 3725 severos

224 3789 391 3873 Deviuquo
416 3791 457 3854 ad
481 3792 608 3855 rectam
631 3789 761 3854 vertere
785 3787 886 3852 corda
908 3789 1004 3853 viam.
