2960 4336
688 194 909 259 ..36-

380 373 564 456 Paupertas
586 370 726 454 sophiae
750 369 871 448 nutrix,

378 479 487 564 Frugi,
512 482 613 550 casta,
637 478 729 544 ferax
752 481 784 543 et
807 477 937 544 modico
960 479 1080 562 potens

378 587 595 669 Virtutesqne
619 584 708 650 fovet
731 605 794 650 nec
816 584 905 650 vitiis
930 604 1003 650 esse
1028 585 1136 649 locum
1160 582 1247 648 sinit.

377 729 469 795 Haec
493 732 525 794 et
548 726 681 794 moenia
702 726 853 792 condidit

376 836 419 902 Et
441 835 541 901 vitam
565 835 667 901 variis
692 835 811 900 extulit
834 834 984 912 artibus3

267 945 326 1028 60)
380 944 467 1009 Hinc
480 946 532 1008 est
545 941 655 1008 omnis
668 942 788 1018 honos,
805 943 884 1007 hinc
897 941 1037 1006 celebris
1050 940 1154 1025 gloria
1165 937 1329 1024 proditur.

379 1085 451 1151 Hac
474 1085 671 1150 Franciscus
695 1084 730 1150 in
754 1085 909 1150 aetherea

380 1192 517 1257 Certum
541 1190 618 1256 iecit
641 1191 715 1266 iter,
739 1195 876 1274 pectore
901 1190 999 1255 ditior

379 1299 494 1365 Mundi
519 1298 689 1379 divitibus,
713 1302 879 1381 perpetuo
901 1298 999 1380 plura
1021 1297 1225 1382 petentibus

378 1441 471 1520 Quos
495 1461 558 1507 nec
580 1442 693 1507 divitis
717 1441 833 1507 Indiae

379 1548 543 1614 Thesauri
568 1567 629 1614 nec
651 1567 732 1632 opes
756 1548 872 1616 fertilis
896 1547 1039 1629 Africae,

266 1657 325 1741 66)
379 1656 512 1721 Nullius
536 1656 636 1722 satiat
660 1657 870 1738 quantalibet
892 1675 1023 1721 summe
1045 1655 1216 1738 pecuniae.

378 1798 462 1865 Cum
486 1797 538 1864 vir
562 1798 658 1864 divus
682 1797 837 1864 Aretium

379 1907 543 1984 Venisset,
567 1905 706 1971 teticros
731 1907 909 1972 daemonas
933 1907 1071 1988 expulit,

379 2013 607 2096 Paestumque
630 2013 725 2079 brevi
748 2011 885 2079 mirifice
909 2013 1022 2078 floruit
1045 2013 1216 2097 oppidum.

378 2119 513 2222 lfssicto
537 2157 681 2240 graviter
704 2176 765 2223 suo

376 2264 502 2346 Flagris
525 2266 559 2328 et
582 2264 715 2329 nivibus
739 2283 878 2347 corpore
902 2265 1033 2331 subdoli

267 2373 325 2457 72)
379 2369 547 2436 Contrivit
570 2372 719 2453 laqueos,
743 2371 881 2436 insidias
905 2391 1065 2454 armaque
1089 2372 1238 2456 spiritus.

377 2512 466 2577 Hinc
490 2532 610 2578 exere
634 2514 696 2578 viri
720 2532 814 2578 sacro

377 2619 557 2699 sylvestro,
580 2619 731 2703 placidus
755 2622 833 2686 dum
856 2621 985 2704 capitur
1009 2641 1120 2705 sopor,

377 2726 466 2793 Crux
489 2725 664 2808 immensa,
687 2728 782 2810 polos
806 2728 1036 2811 aequiparans
1059 2730 1174 2813 paruit
1197 2748 1307 2794 aurea.

375 2868 471 2933 Alter
485 2867 707 2952 magnificum
730 2869 822 2935 videt

377 2975 416 3041 In
439 2975 542 3041 coelis
564 2976 684 3041 humili
707 2977 796 3042 stare
820 2977 980 3044 thronum
1002 2979 1085 3059 viro,

265 3084 323 3168 78)
376 3083 406 3146 N
409 3103 464 3148 am
479 3103 537 3148 rex
552 3084 764 3165 omnipotens
780 3085 869 3151 celsa
884 3087 1015 3169 premit,
1033 3087 1186 3152 sublevat
1202 3085 1327 3153 infima.

377 3224 517 3290 Certans
541 3227 614 3308 ipse
637 3225 778 3292 viriliter

375 3331 470 3397 Miles
494 3334 589 3414 signa
611 3333 663 3399 sui
685 3337 870 3415 promeruit
894 3335 987 3401 ducis

378 3439 417 3503 In
440 3440 668 3523 membrisque
692 3442 762 3506 suis
785 3461 866 3508 vera
890 3443 942 3508 dei
966 3443 1118 3527 stigmata
1142 3445 1281 3511 rettulit.

375 3579 403 3646 O
428 3584 592 3664 quantum
614 3583 723 3667 pietas
747 3587 873 3667 potest!

374 3688 544 3767 Quantum
568 3693 679 3756 rectus
703 3712 806 3774 amor,
831 3713 897 3776 quo
920 3695 981 3776 vir,
1006 3696 1043 3760 ut
1067 3696 1208 3761 entheus

263 3797 322 3882 84)
375 3797 478 3864 Plene
501 3800 678 3883 concaluit,
702 3803 813 3866 mente
836 3801 913 3868 tulit
936 3822 972 3867 se
997 3823 1099 3887 super
1122 3805 1276 3869 aethera!
