2960 4336
576 163 796 227 „53...

248 338 324 404 Non
361 339 413 402 est
448 339 565 420 dignus
600 339 754 419 scientia,
793 340 850 422 qui
886 340 1043 406 scientiae
1076 341 1215 426 insurgit

246 445 466 527 praeceptori.
492 447 875 528 Studiosusdiscipulus
896 449 1041 513 venienti
1058 449 1214 531 magistro

247 555 408 634 assurgat,
432 556 532 634 caput
555 553 692 618 inclinet
716 558 748 618 et
772 555 938 636 loquentis
961 556 1062 620 rerba
1087 577 1215 622 summa

158 658 202 724 50
248 659 433 724 attentione
446 660 596 741 excipiat.
623 661 718 737 Nam,
736 662 773 724 ut
787 660 916 727 Plinius
931 660 1039 725 iunior
1047 661 1074 747 ⁵)
1090 663 1214 746 optime

248 765 345 843 dicit,
378 766 525 848 „legendi
554 787 685 850 semper
713 768 842 833 occasio
866 770 931 843 est,
959 768 1115 833 audiendi
1148 789 1215 834 non

248 878 409 953 semper.“
442 874 620 937 Praeterea
643 875 747 940 multo
771 874 882 956 magis
907 877 944 938 ut
967 877 1066 956 vulgo
1088 875 1215 957 dicitur,

246 979 321 1043 viva
345 998 407 1042 vox
431 979 541 1044 aflicit.
567 981 651 1045 Nam
675 982 750 1045 licet
767 981 894 1046 acriora
910 981 987 1052 sint,
1013 1002 1098 1064 quae
1116 982 1214 1064 legaS,

247 1086 346 1149 altius
369 1088 481 1150 tamen
505 1087 672 1152 inanimo
697 1088 830 1162 sedent,
862 1107 945 1169 quae
973 1089 1215 1170 pronunciatio,

158 1192 200 1257 55
249 1193 371 1268 vultus
395 1193 538 1271 habitus,
563 1195 676 1276 gestus
701 1193 964 1258 etiam'dicentis
988 1194 1099 1275 affigit.
1130 1195 1215 1259 Mer-

248 1299 398 1364 cedulam
414 1300 492 1363 item
510 1300 689 1382 magisterii
702 1301 972 1383 praeceptoribus
986 1303 1215 1383 unusquisque

246 1424 308 1488 pro
331 1405 489 1470 facultate
512 1427 572 1471 sua
596 1407 775 1478 liberaliter
796 1409 951 1473 exsolvat.
976 1409 1026 1471 Ita
1042 1410 1129 1472 enim
1147 1408 1214 1490 liet,

247 1515 285 1577 ut
318 1512 434 1576 maiori
469 1513 639 1595 diligentia
674 1515 813 1580 doceant
848 1517 882 1578 et
916 1513 1071 1596 praemiis
1104 1515 1214 1579 allecti

247 1620 373 1684 nullum
396 1621 542 1685 laborem
569 1620 818 1703 subterfugiant.
844 1621 887 1685 Ut
911 1620 998 1685 enim
1021 1620 1178 1686 Martialis
1188 1620 1215 1706 6)

157 1728 203 1791 60
248 1726 304 1802 ait,
329 1763 370 1772 —

252 1833 310 1912 „ln
334 1833 462 1898 steriles
487 1853 621 1915 campos
645 1834 762 1898 nolunt
784 1834 862 1916 iuga
884 1833 970 1898 ferre
993 1833 1133 1916 iuvenci,

293 1939 417 2024 Pingue
441 1942 549 2006 solum
574 1940 685 2022 lassat,
709 1941 768 2005 sed
790 1941 881 2005 iuvat
904 1940 976 2022 ipse
1001 1941 1124 2006 labor.“

653 2099 718 2164 XX.

228 2221 377 2317 Quales
400 2222 521 2294 libros
545 2222 805 2294 scholasticus
829 2222 976 2293 habere
1000 2221 1153 2292 debeat.

184 2351 198 2414 1
249 2348 425 2414 Librorum
442 2348 538 2432 copia
554 2349 703 2415 studioso
719 2349 845 2414 homini
862 2349 1045 2414 necessaria
1058 2352 1109 2413 est
1122 2349 1215 2430 aden,

248 2459 285 2521 ut
309 2458 397 2538 apud
422 2455 632 2541 Horatiuml)
657 2456 729 2520 eius
753 2456 843 2539 optio
867 2458 958 2538 prior
981 2455 1092 2532 fuerit,
1116 2475 1216 2537 quam

249 2583 411 2629 annonae.
429 2565 484 2629 Sic
497 2564 639 2628 enimait
648 2564 797 2646 inprimo
808 2563 1215 2645 epistolarumvolumine:

295 2670 367 2750 „Sit
388 2672 477 2736 bona
500 2671 661 2735 librorum
685 2674 717 2734 et
740 2671 893 2751 provisae
916 2668 1018 2751 frugis
1040 2668 1076 2732 in
1092 2688 1217 2733 annum

181 2777 202 2841 5
295 2776 407 2861 Copia,
432 2797 473 2841 ne
497 2778 627 2841 lluitem
651 2776 771 2840 dubiae
801 2795 860 2858 spe
887 2776 1212 2858 pendulus·horae.“

248 2885 425 2949 Memoriae
455 2884 649 2948 mandatum
683 2885 749 2960 est,
777 2884 950 2948 Platonem
979 2885 1048 2947 tres
1076 2880 1216 2945 Philolai

250 2991 446 3073 Pythagorei
476 2991 577 3055 libros
606 2991 721 3055 decem
750 2990 897 3054 millibus
927 2989 1099 3053 denarium
1130 3006 1216 3051 mer-

249 3100 359 3162 catum
383 3097 495 3163 fuisse.
520 3096 733 3163 Aristotelem
752 3117 895 3180 quoque,
919 3094 1089 3172 traditum,
1113 3093 1216 3158 libros

249 3205 409 3286 pauculos
440 3204 622 3287 Speusippi
653 3204 842 3286 philosophi
873 3207 950 3290 post
981 3205 1121 3267 mortem
1145 3200 1216 3264 eius

162 3313 204 3378 10
247 3310 368 3375 emisse
404 3311 539 3375 talentis
575 3310 694 3375 Atticis
730 3311 848 3375 tribus,
900 3309 998 3374 Picus
1029 3306 1216 3372 Mirandula

249 3422 378 3502 septem
401 3437 576 3483 aureorum
600 3425 771 3483 nummum
798 3417 901 3482 millia
928 3417 964 3480 in
986 3413 1215 3497 comparandis

248 3525 343 3590 libris
373 3545 524 3607 erogasse
553 3526 758 3608 perhibetur.
814 3526 920 3591 Recte
953 3525 1052 3604 poeta
1080 3520 1216 3604 quidam

249 3635 382 3698 nostrae
405 3632 521 3698 aetatis
544 3633 760 3716 bibliopolam
784 3633 831 3697 sic
855 3632 1048 3714 loquentem
1070 3628 1167 3693 iacit:

251 3739 337 3820 „Cur
360 3739 468 3830 emitis
491 3760 645 3828 gemmae,
670 3741 751 3804 haec
774 3742 825 3804 est
848 3739 997 3821 pretiosa
1019 3736 1192 3818 suppelex‚

162 3847 203 3912 15
293 3845 359 3925 Qui
382 3850 479 3930 negat
500 3848 573 3931 hoc,
596 3867 692 3913 veros
715 3866 783 3911 non
805 3846 907 3911 habet
929 3844 985 3910 ille
1009 3844 1153 3908 oculos.“
