2960 4336
678 204 897 267 ..22-

348 380 578 464 requiruntur,
602 381 692 446 hunc
713 380 757 446 ad
773 379 867 460 alios,
891 379 948 465 qui
964 381 1005 446 de
1021 400 1061 446 ea
1076 400 1112 446 re
1129 380 1320 464 diligentius

349 487 566 570 scripserunt,
597 488 759 570 relegans,
788 507 874 570 quae
898 488 966 552 sint
987 488 1077 553 illius
1104 487 1228 568 officia,
1258 507 1319 570 pro

347 594 504 677 ingenioli
528 593 593 659 mei
616 593 783 660 tenuitate
810 595 846 658 in
868 594 932 659 hoc
959 595 1121 677 opusculo
1150 598 1319 677 utcunque

346 701 518 785 explicavi,
531 701 622 784 quod
634 701 775 784 proinde
788 701 1079 781 „scholasticorum
1092 701 1316 767 enchiridion“

261 811 304 873 30
344 807 484 873 inscribi
510 807 646 892 placuit.
693 808 733 873 Id
765 810 892 888 autem,
925 808 1124 891 qualequale
1156 811 1223 890 est,
1258 809 1321 873 tihi

347 914 480 996 dedico,
509 914 672 980 Timanne
695 914 947 996 humanissime,
976 916 1051 998 qui,
1080 914 1231 980 doctrina
1253 935 1320 980 non

347 1022 476 1104 vulgari
514 1040 710 1105 summaque
746 1040 858 1086 rerum
895 1023 1101 1106 experientia
1138 1020 1319 1104 praeditus,

347 1129 546 1194 litterarium
561 1129 651 1210 apud
667 1129 784 1192 urbem
800 1128 1097 1193 Monastcricnsem
1112 1129 1321 1212 gymnasium

347 1234 525 1300 scitissime
541 1235 622 1299 olim
638 1233 957 1318 diligentissimeque
973 1254 1047 1299 cum
1059 1236 1203 1301 maxima
1218 1236 1321 1318 gloria

260 1343 301 1406 35
345 1344 380 1406 et
411 1343 537 1407 honore
567 1340 751 1407 moderaris
783 1340 909 1424 quique
941 1342 1109 1407 auditores
1139 1345 1214 1407 tuos
1245 1361 1321 1406 cum

347 1449 498 1531 probatis
532 1447 723 1514 litterarum
756 1447 963 1532 praeceptis,
997 1452 1069 1513 tum
1103 1448 1321 1514 sanctissimis

349 1574 480 1621 morum
513 1555 637 1638 regulis
672 1553 788 1621 sedulo
822 1554 972 1620 instituis
1004 1558 1107 1639 atque
1137 1556 1320 1638 componis.

350 1663 457 1745 Spero
470 1663 634 1744 equidem,
651 1664 684 1727 te
696 1681 757 1745 pro
769 1661 873 1727 veteri
889 1664 948 1727 tua
963 1662 1153 1744 prudentia,
1170 1662 1322 1745 quamvis

350 1771 446 1853 longe
480 1768 619 1834 meliora
652 1770 878 1852 promerueris
917 1789 1070 1849 munera,
1109 1769 1172 1835 hoc
1209 1771 1322 1834 tamen

261 1878 305 1942 40
347 1877 585 1942 munusculum
615 1895 682 1940 non
709 1897 750 1940 ex
773 1875 845 1941 eius
868 1877 993 1960 pretio,
1024 1876 1084 1941 sed
1112 1896 1153 1940 ex
1181 1875 1340 1941 dicentis-

349 1984 460 2049 animo
483 1984 670 2067 spectatum
694 1981 744 2047 ire
767 1985 800 2048 et
815 1983 906 2066 quod
920 1983 956 2047 in
973 1982 1191 2048 scholasticae
1205 1983 1322 2049 iuven-

349 2091 431 2156 tutis
454 2089 638 2174 profectum
662 2090 855 2156 elucubravi
888 2089 967 2156 boni
996 2090 1163 2173 aequique
1188 2089 1322 2155 consul-

348 2198 461 2262 turum
490 2216 573 2262 esse.
619 2196 713 2278 Vale,
748 2197 799 2262 vir
825 2196 1082 2279 litteratissime,
1116 2199 1150 2261 et
1179 2215 1249 2278 me,
1284 2199 1323 2261 ut

350 2305 447 2385 soles,
471 2304 561 2370 ama!
