<?xml version="1.0" encoding="UTF-8"?>
<!DOCTYPE html PUBLIC "-//W3C//DTD XHTML 1.0 Transitional//EN"
    "http://www.w3.org/TR/xhtml1/DTD/xhtml1-transitional.dtd">
<html xmlns="http://www.w3.org/1999/xhtml" xml:lang="en" lang="en">
 <head>
  <title>
</title>
<meta http-equiv="Content-Type" content="text/html;charset=utf-8" />
  <meta name='ocr-system' content='tesseract 3.04.00' />
  <meta name='ocr-capabilities' content='ocr_page ocr_carea ocr_par ocr_line ocrx_word'/>
</head>
<body>
  <div class='ocr_page' id='page_1' title='image "./opusculumdedisc00bmgoog_0099.png"; bbox 0 0 2960 4336; ppageno 0'>
   <div class='ocr_carea' id='block_1_1' title="bbox 675 145 896 210">
    <p class='ocr_par' dir='ltr' id='par_1_1' title="bbox 675 145 896 210">
     <span class='ocr_line' id='line_1_1' title="bbox 675 145 896 210; baseline -0.005 -17"><span class='ocrx_word' id='word_1_1' title='bbox 675 145 896 210; x_wconf 67' lang='lat'>..54-</span> 
     </span>
    </p>
   </div>
   <div class='ocr_carea' id='block_1_2' title="bbox 259 322 1327 3826">
    <p class='ocr_par' dir='ltr' id='par_1_2' title="bbox 259 322 1327 3826">
     <span class='ocr_line' id='line_1_2' title="bbox 346 322 1317 405; baseline -0.003 -16"><span class='ocrx_word' id='word_1_2' title='bbox 346 322 545 390; x_wconf 84' lang='lat' dir='ltr'>Felicissimi</span> <span class='ocrx_word' id='word_1_3' title='bbox 568 342 629 388; x_wconf 92' lang='lat' dir='ltr'>nos</span> <span class='ocrx_word' id='word_1_4' title='bbox 653 343 801 388; x_wconf 85' lang='lat' dir='ltr'>essemus</span> <span class='ocrx_word' id='word_1_5' title='bbox 824 325 886 389; x_wconf 91' lang='lat' dir='ltr'>hoc</span> <span class='ocrx_word' id='word_1_6' title='bbox 910 323 1053 404; x_wconf 89' lang='lat' dir='ltr'>saeculo,</span> <span class='ocrx_word' id='word_1_7' title='bbox 1082 323 1216 405; x_wconf 87' lang='lat' dir='ltr'>quando</span> <span class='ocrx_word' id='word_1_8' title='bbox 1239 322 1317 388; x_wconf 90' lang='lat' dir='ltr'>novi</span> 
     </span>
     <span class='ocr_line' id='line_1_3' title="bbox 345 429 1316 514; baseline 0 -20"><span class='ocrx_word' id='word_1_9' title='bbox 345 430 484 511; x_wconf 88' lang='lat' dir='ltr'>artificii,</span> <span class='ocrx_word' id='word_1_10' title='bbox 509 450 609 514; x_wconf 89' lang='lat' dir='ltr'>quarn</span> <span class='ocrx_word' id='word_1_11' title='bbox 635 429 969 513; x_wconf 53' lang='grc' dir='ltr'>,(11131101111111131111ι</span> <span class='ocrx_word' id='word_1_12' title='bbox 994 433 1125 510; x_wconf 89' lang='lat' dir='ltr'>vocant,</span> <span class='ocrx_word' id='word_1_13' title='bbox 1153 429 1316 495; x_wconf 89' lang='lat' dir='ltr'>beneficio</span> 
     </span>
     <span class='ocr_line' id='line_1_4' title="bbox 347 537 1315 621; baseline -0.004 -17"><span class='ocrx_word' id='word_1_14' title='bbox 347 539 398 605; x_wconf 88' lang='lat' dir='ltr'>tot</span> <span class='ocrx_word' id='word_1_15' title='bbox 409 538 534 621; x_wconf 92' lang='lat' dir='ltr'>ubique</span> <span class='ocrx_word' id='word_1_16' title='bbox 547 537 623 602; x_wconf 81' lang='lat' dir='ltr'><strong>libri</strong></span> <span class='ocrx_word' id='word_1_17' title='bbox 639 557 742 620; x_wconf 85' lang='lat' dir='ltr'>parvo</span> <span class='ocrx_word' id='word_1_18' title='bbox 758 539 865 621; x_wconf 91' lang='lat' dir='ltr'>pretio</span> <span class='ocrx_word' id='word_1_19' title='bbox 881 538 1015 602; x_wconf 88' lang='lat' dir='ltr'>venales</span> <span class='ocrx_word' id='word_1_20' title='bbox 1028 538 1315 615; x_wconf 84' lang='lat' dir='ltr'>circumferuntur,</span> 
     </span>
     <span class='ocr_line' id='line_1_5' title="bbox 347 643 1315 711; baseline -0.003 -2"><span class='ocrx_word' id='word_1_21' title='bbox 347 646 376 709; x_wconf 89' lang='lat' dir='ltr'>si</span> <span class='ocrx_word' id='word_1_22' title='bbox 410 665 477 711; x_wconf 93' lang='lat' dir='ltr'>non</span> <span class='ocrx_word' id='word_1_23' title='bbox 509 663 624 708; x_wconf 88' lang='lat' dir='ltr'>ornnes</span> <span class='ocrx_word' id='word_1_24' title='bbox 659 644 728 709; x_wconf 89' lang='lat' dir='ltr'>fere</span> <span class='ocrx_word' id='word_1_25' title='bbox 758 644 888 709; x_wconf 89' lang='lat' dir='ltr'>mendis</span> <span class='ocrx_word' id='word_1_26' title='bbox 924 643 1107 708; x_wconf 83' lang='lat' dir='ltr'>innumeris</span> <span class='ocrx_word' id='word_1_27' title='bbox 1138 646 1315 707; x_wconf 76' lang='lat' dir='ltr'>scaterent.</span> 
     </span>
     <span class='ocr_line' id='line_1_6' title="bbox 259 749 1317 840; baseline -0.006 -22"><span class='ocrx_word' id='word_1_28' title='bbox 259 753 303 818; x_wconf 70' lang='grc'>10</span> <span class='ocrx_word' id='word_1_29' title='bbox 349 752 417 817; x_wconf 89' lang='lat' dir='ltr'>Sed</span> <span class='ocrx_word' id='word_1_30' title='bbox 441 750 563 828; x_wconf 88' lang='lat' dir='ltr'>nescio,</span> <span class='ocrx_word' id='word_1_31' title='bbox 593 750 668 840; x_wconf 87' lang='lat' dir='ltr'>quis</span> <span class='ocrx_word' id='word_1_32' title='bbox 691 751 798 815; x_wconf 91' lang='lat' dir='ltr'>malus</span> <span class='ocrx_word' id='word_1_33' title='bbox 828 751 969 815; x_wconf 91' lang='lat' dir='ltr'>daemon</span> <span class='ocrx_word' id='word_1_34' title='bbox 992 749 1087 814; x_wconf 88' lang='lat' dir='ltr'>nobis</span> <span class='ocrx_word' id='word_1_35' title='bbox 1111 751 1223 814; x_wconf 86' lang='lat' dir='ltr'>tantae</span> <span class='ocrx_word' id='word_1_36' title='bbox 1245 749 1317 814; x_wconf 84' lang='lat' dir='ltr'>feli-</span> 
     </span>
     <span class='ocr_line' id='line_1_7' title="bbox 349 841 1318 938; baseline -0.002 -16"><span class='ocrx_word' id='word_1_37' title='bbox 349 858 457 923; x_wconf 87' lang='lat' dir='ltr'>citatis</span> <span class='ocrx_word' id='word_1_38' title='bbox 480 841 635 923; x_wconf 84' lang='lat' dir='ltr'>invideat.</span> <span class='ocrx_word' id='word_1_39' title='bbox 684 856 723 921; x_wconf 88' lang='lat' dir='ltr'>Iu</span> <span class='ocrx_word' id='word_1_40' title='bbox 746 857 918 922; x_wconf 89' lang='lat' dir='ltr'>meliorem</span> <span class='ocrx_word' id='word_1_41' title='bbox 941 856 1092 922; x_wconf 75' lang='lat' dir='ltr'>fortassis</span> <span class='ocrx_word' id='word_1_42' title='bbox 1116 859 1245 938; x_wconf 88' lang='lat' dir='ltr'>partem</span> <span class='ocrx_word' id='word_1_43' title='bbox 1268 856 1318 920; x_wconf 91' lang='lat' dir='ltr'>sic</span> 
     </span>
     <span class='ocr_line' id='line_1_8' title="bbox 350 962 1316 1047; baseline -0.002 -18"><span class='ocrx_word' id='word_1_44' title='bbox 350 965 468 1047; x_wconf 83' lang='lat' dir='ltr'>agitur,</span> <span class='ocrx_word' id='word_1_45' title='bbox 491 984 533 1028; x_wconf 93' lang='lat' dir='ltr'>ne</span> <span class='ocrx_word' id='word_1_46' title='bbox 557 963 735 1028; x_wconf 88' lang='lat' dir='ltr'>credulitas</span> <span class='ocrx_word' id='word_1_47' title='bbox 760 965 873 1027; x_wconf 90' lang='lat' dir='ltr'>nostra</span> <span class='ocrx_word' id='word_1_48' title='bbox 896 962 989 1027; x_wconf 90' lang='lat' dir='ltr'>libris</span> <span class='ocrx_word' id='word_1_49' title='bbox 1005 962 1145 1027; x_wconf 87' lang='lat' dir='ltr'>nimium</span> <span class='ocrx_word' id='word_1_50' title='bbox 1162 962 1316 1028; x_wconf 90' lang='lat' dir='ltr'>confidat.</span> 
     </span>
     <span class='ocr_line' id='line_1_9' title="bbox 352 1069 1319 1152; baseline -0.002 -18"><span class='ocrx_word' id='word_1_51' title='bbox 352 1072 484 1150; x_wconf 86' lang='lat' dir='ltr'>Verum,</span> <span class='ocrx_word' id='word_1_52' title='bbox 509 1073 546 1135; x_wconf 91' lang='lat' dir='ltr'>ut</span> <span class='ocrx_word' id='word_1_53' title='bbox 562 1070 603 1134; x_wconf 90' lang='lat' dir='ltr'>ad</span> <span class='ocrx_word' id='word_1_54' title='bbox 619 1069 810 1134; x_wconf 87' lang='lat' dir='ltr'>institutum</span> <span class='ocrx_word' id='word_1_55' title='bbox 825 1073 979 1150; x_wconf 89' lang='lat' dir='ltr'>revertar,</span> <span class='ocrx_word' id='word_1_56' title='bbox 1002 1087 1086 1152; x_wconf 89' lang='lat' dir='ltr'>puer</span> <span class='ocrx_word' id='word_1_57' title='bbox 1101 1069 1209 1133; x_wconf 90' lang='lat' dir='ltr'>adhuc</span> <span class='ocrx_word' id='word_1_58' title='bbox 1225 1069 1319 1133; x_wconf 90' lang='lat' dir='ltr'>rudis</span> 
     </span>
     <span class='ocr_line' id='line_1_10' title="bbox 350 1174 1319 1259; baseline -0.003 -17"><span class='ocrx_word' id='word_1_59' title='bbox 350 1197 418 1242; x_wconf 90' lang='lat' dir='ltr'>non</span> <span class='ocrx_word' id='word_1_60' title='bbox 447 1178 511 1242; x_wconf 89' lang='lat' dir='ltr'>nisi</span> <span class='ocrx_word' id='word_1_61' title='bbox 541 1178 703 1259; x_wconf 88' lang='lat' dir='ltr'>pauculos</span> <span class='ocrx_word' id='word_1_62' title='bbox 731 1176 834 1242; x_wconf 87' lang='lat' dir='ltr'>libros</span> <span class='ocrx_word' id='word_1_63' title='bbox 865 1177 898 1240; x_wconf 92' lang='lat' dir='ltr'>et</span> <span class='ocrx_word' id='word_1_64' title='bbox 926 1196 982 1239; x_wconf 91' lang='lat' dir='ltr'>eos</span> <span class='ocrx_word' id='word_1_65' title='bbox 1008 1175 1158 1258; x_wconf 88' lang='lat' dir='ltr'>quidem,</span> <span class='ocrx_word' id='word_1_66' title='bbox 1194 1175 1222 1239; x_wconf 93' lang='lat' dir='ltr'>si</span> <span class='ocrx_word' id='word_1_67' title='bbox 1245 1174 1319 1239; x_wconf 89' lang='lat' dir='ltr'>fieri</span> 
     </span>
     <span class='ocr_line' id='line_1_11' title="bbox 261 1282 1319 1366; baseline -0.005 -17"><span class='ocrx_word' id='word_1_68' title='bbox 261 1283 302 1349; x_wconf 71' lang='grc'>15</span> <span class='ocrx_word' id='word_1_69' title='bbox 349 1286 473 1366; x_wconf 88' lang='lat' dir='ltr'>potest,</span> <span class='ocrx_word' id='word_1_70' title='bbox 518 1282 805 1349; x_wconf 86' lang='lat' dir='ltr'>emendatissimos</span> <span class='ocrx_word' id='word_1_71' title='bbox 839 1283 975 1363; x_wconf 89' lang='lat' dir='ltr'>habeat,</span> <span class='ocrx_word' id='word_1_72' title='bbox 1020 1301 1081 1346; x_wconf 90' lang='lat' dir='ltr'>nec</span> <span class='ocrx_word' id='word_1_73' title='bbox 1116 1283 1222 1346; x_wconf 89' lang='lat' dir='ltr'>solum</span> <span class='ocrx_word' id='word_1_74' title='bbox 1256 1282 1319 1344; x_wconf 93' lang='lat' dir='ltr'>im-</span> 
     </span>
     <span class='ocr_line' id='line_1_12' title="bbox 347 1389 1321 1473; baseline 0 -19"><span class='ocrx_word' id='word_1_75' title='bbox 347 1391 474 1473; x_wconf 85' lang='lat' dir='ltr'>pressis</span> <span class='ocrx_word' id='word_1_76' title='bbox 491 1390 613 1454; x_wconf 90' lang='lat' dir='ltr'>chartis</span> <span class='ocrx_word' id='word_1_77' title='bbox 630 1392 807 1470; x_wconf 78' lang='lat' dir='ltr'>assuescat,</span> <span class='ocrx_word' id='word_1_78' title='bbox 824 1391 884 1454; x_wconf 90' lang='lat' dir='ltr'>sed</span> <span class='ocrx_word' id='word_1_79' title='bbox 901 1391 1021 1472; x_wconf 88' lang='lat' dir='ltr'>etipse</span> <span class='ocrx_word' id='word_1_80' title='bbox 1041 1389 1184 1471; x_wconf 90' lang='lat' dir='ltr'>-quod</span> <span class='ocrx_word' id='word_1_81' title='bbox 1200 1392 1321 1470; x_wconf 90' lang='lat' dir='ltr'>postea</span> 
     </span>
     <span class='ocr_line' id='line_1_13' title="bbox 349 1495 1319 1578; baseline 0.001 -19"><span class='ocrx_word' id='word_1_82' title='bbox 349 1497 492 1560; x_wconf 85' lang='lat' dir='ltr'>maximo</span> <span class='ocrx_word' id='word_1_83' title='bbox 526 1495 602 1560; x_wconf 91' lang='lat' dir='ltr'>usui</span> <span class='ocrx_word' id='word_1_84' title='bbox 641 1496 704 1560; x_wconf 89' lang='lat' dir='ltr'>erit</span> <span class='ocrx_word' id='word_1_85' title='bbox 738 1533 777 1544; x_wconf 91' lang='lat'><em>-</em></span> <span class='ocrx_word' id='word_1_86' title='bbox 814 1497 942 1561; x_wconf 87' lang='lat' dir='ltr'>litteras</span> <span class='ocrx_word' id='word_1_87' title='bbox 983 1495 1139 1578; x_wconf 82' lang='lat' dir='ltr'>graphice</span> <span class='ocrx_word' id='word_1_88' title='bbox 1174 1495 1319 1560; x_wconf 87' lang='lat' dir='ltr'>formare</span> 
     </span>
     <span class='ocr_line' id='line_1_14' title="bbox 352 1603 1319 1686; baseline -0.002 -19"><span class='ocrx_word' id='word_1_89' title='bbox 352 1603 458 1667; x_wconf 88' lang='lat' dir='ltr'>discat</span> <span class='ocrx_word' id='word_1_90' title='bbox 474 1605 507 1667; x_wconf 88' lang='lat' dir='ltr'>et.</span> <span class='ocrx_word' id='word_1_91' title='bbox 524 1606 651 1668; x_wconf 89' lang='lat' dir='ltr'>mature</span> <span class='ocrx_word' id='word_1_92' title='bbox 675 1622 892 1686; x_wconf 87' lang='lat' dir='ltr'>quaecuuque</span> <span class='ocrx_word' id='word_1_93' title='bbox 916 1623 935 1667; x_wconf 92' lang='lat' dir='ltr'>a</span> <span class='ocrx_word' id='word_1_94' title='bbox 959 1603 1114 1684; x_wconf 86' lang='lat' dir='ltr'>magistro</span> <span class='ocrx_word' id='word_1_95' title='bbox 1139 1603 1319 1684; x_wconf 88' lang='lat' dir='ltr'>dictantur,</span> 
     </span>
     <span class='ocr_line' id='line_1_15' title="bbox 350 1708 1321 1793; baseline 0 -21"><span class='ocrx_word' id='word_1_96' title='bbox 350 1709 386 1773; x_wconf 90' lang='lat' dir='ltr'>in</span> <span class='ocrx_word' id='word_1_97' title='bbox 412 1710 523 1775; x_wconf 89' lang='lat' dir='ltr'>libello</span> <span class='ocrx_word' id='word_1_98' title='bbox 552 1711 594 1774; x_wconf 90' lang='lat' dir='ltr'>ad</span> <span class='ocrx_word' id='word_1_99' title='bbox 621 1730 756 1774; x_wconf 91' lang='lat' dir='ltr'>manum</span> <span class='ocrx_word' id='word_1_100' title='bbox 788 1712 941 1793; x_wconf 92' lang='lat' dir='ltr'>prompto</span> <span class='ocrx_word' id='word_1_101' title='bbox 972 1711 1095 1774; x_wconf 91' lang='lat' dir='ltr'>notare.</span> <span class='ocrx_word' id='word_1_102' title='bbox 1143 1708 1198 1774; x_wconf 87' lang='lat' dir='ltr'>Sic</span> <span class='ocrx_word' id='word_1_103' title='bbox 1229 1710 1321 1772; x_wconf 89' lang='lat' dir='ltr'>enim</span> 
     </span>
     <span class='ocr_line' id='line_1_16' title="bbox 263 1814 1320 1898; baseline -0.002 -18"><span class='ocrx_word' id='word_1_104' title='bbox 263 1817 306 1880; x_wconf 89' lang='grc'>30</span> <span class='ocrx_word' id='word_1_105' title='bbox 351 1818 385 1879; x_wconf 89' lang='lat' dir='ltr'>et</span> <span class='ocrx_word' id='word_1_106' title='bbox 412 1817 682 1898; x_wconf 81' lang='lat' dir='ltr'>orthographiam</span> <span class='ocrx_word' id='word_1_107' title='bbox 712 1815 873 1896; x_wconf 90' lang='lat' dir='ltr'>paulatim</span> <span class='ocrx_word' id='word_1_108' title='bbox 905 1815 1051 1880; x_wconf 81' lang='lat' dir='ltr'>addiscet</span> <span class='ocrx_word' id='word_1_109' title='bbox 1080 1819 1113 1880; x_wconf 90' lang='lat' dir='ltr'>et</span> <span class='ocrx_word' id='word_1_110' title='bbox 1137 1836 1224 1897; x_wconf 89' lang='lat' dir='ltr'>quae</span> <span class='ocrx_word' id='word_1_111' title='bbox 1246 1814 1320 1897; x_wconf 89' lang='lat' dir='ltr'>ipse</span> 
     </span>
     <span class='ocr_line' id='line_1_17' title="bbox 351 1921 1322 2005; baseline 0 -19"><span class='ocrx_word' id='word_1_112' title='bbox 351 1923 537 2005; x_wconf 79' lang='lat' dir='ltr'>scripserit,</span> <span class='ocrx_word' id='word_1_113' title='bbox 576 1924 681 1988; x_wconf 92' lang='lat' dir='ltr'>multo</span> <span class='ocrx_word' id='word_1_114' title='bbox 716 1922 846 1987; x_wconf 88' lang='lat' dir='ltr'>facilius</span> <span class='ocrx_word' id='word_1_115' title='bbox 881 1922 1111 1986; x_wconf 87' lang='lat' dir='ltr'>recordabitur</span> <span class='ocrx_word' id='word_1_116' title='bbox 1151 1923 1250 2004; x_wconf 90' lang='lat' dir='ltr'>atque</span> <span class='ocrx_word' id='word_1_117' title='bbox 1284 1921 1322 1986; x_wconf 90' lang='lat' dir='ltr'>in</span> 
     </span>
     <span class='ocr_line' id='line_1_18' title="bbox 352 2029 1321 2095; baseline -0.001 -2"><span class='ocrx_word' id='word_1_118' title='bbox 352 2031 509 2095; x_wconf 89' lang='lat' dir='ltr'>memoria</span> <span class='ocrx_word' id='word_1_119' title='bbox 533 2029 658 2094; x_wconf 88' lang='lat' dir='ltr'>diutius</span> <span class='ocrx_word' id='word_1_120' title='bbox 681 2030 816 2094; x_wconf 89' lang='lat' dir='ltr'>tenebit.</span> <span class='ocrx_word' id='word_1_121' title='bbox 865 2029 948 2092; x_wconf 83' lang='lat' dir='ltr'>Cum</span> <span class='ocrx_word' id='word_1_122' title='bbox 978 2049 1055 2094; x_wconf 83' lang='lat' dir='ltr'>vero</span> <span class='ocrx_word' id='word_1_123' title='bbox 1083 2029 1149 2093; x_wconf 93' lang='lat' dir='ltr'>iam</span> <span class='ocrx_word' id='word_1_124' title='bbox 1177 2029 1321 2093; x_wconf 89' lang='lat' dir='ltr'>multum</span> 
     </span>
     <span class='ocr_line' id='line_1_19' title="bbox 350 2135 1327 2224; baseline 0 -26"><span class='ocrx_word' id='word_1_125' title='bbox 350 2135 385 2199; x_wconf 92' lang='lat' dir='ltr'>in</span> <span class='ocrx_word' id='word_1_126' title='bbox 408 2135 527 2199; x_wconf 88' lang='lat' dir='ltr'>litteris</span> <span class='ocrx_word' id='word_1_127' title='bbox 547 2136 736 2218; x_wconf 88' lang='lat' dir='ltr'>profecerit,</span> <span class='ocrx_word' id='word_1_128' title='bbox 760 2135 918 2219; x_wconf 90' lang='lat' dir='ltr'>paulatim</span> <span class='ocrx_word' id='word_1_129' title='bbox 936 2135 1087 2200; x_wconf 91' lang='lat' dir='ltr'>consulto</span> <span class='ocrx_word' id='word_1_130' title='bbox 1103 2137 1327 2224; x_wconf 72' lang='lat' dir='ltr'>praeceptore¹</span> 
     </span>
     <span class='ocr_line' id='line_1_20' title="bbox 352 2241 1320 2325; baseline 0 -19"><span class='ocrx_word' id='word_1_131' title='bbox 352 2241 455 2324; x_wconf 85' lang='lat' dir='ltr'>magis</span> <span class='ocrx_word' id='word_1_132' title='bbox 480 2242 544 2306; x_wconf 92' lang='lat' dir='ltr'>sibi</span> <span class='ocrx_word' id='word_1_133' title='bbox 567 2242 705 2308; x_wconf 89' lang='lat' dir='ltr'>idoneos</span> <span class='ocrx_word' id='word_1_134' title='bbox 727 2246 759 2307; x_wconf 88' lang='lat' dir='ltr'>et</span> <span class='ocrx_word' id='word_1_135' title='bbox 775 2245 933 2325; x_wconf 90' lang='lat' dir='ltr'>probatos</span> <span class='ocrx_word' id='word_1_136' title='bbox 950 2243 1052 2306; x_wconf 91' lang='lat' dir='ltr'>libros</span> <span class='ocrx_word' id='word_1_137' title='bbox 1069 2244 1248 2324; x_wconf 89' lang='lat' dir='ltr'>comparet,</span> <span class='ocrx_word' id='word_1_138' title='bbox 1273 2245 1320 2323; x_wconf 88' lang='lat' dir='ltr'>et,</span> 
     </span>
     <span class='ocr_line' id='line_1_21' title="bbox 351 2347 1321 2435; baseline 0 -23"><span class='ocrx_word' id='word_1_139' title='bbox 351 2367 552 2433; x_wconf 88' lang='lat' dir='ltr'>quamquam</span> <span class='ocrx_word' id='word_1_140' title='bbox 576 2347 740 2435; x_wconf 62' lang='grc' dir='ltr'><strong>Ρ11111311)</strong></span> <span class='ocrx_word' id='word_1_141' title='bbox 764 2349 857 2426; x_wconf 85' lang='lat' dir='ltr'>dixit,</span> <span class='ocrx_word' id='word_1_142' title='bbox 878 2349 1006 2413; x_wconf 89' lang='lat' dir='ltr'>nullurn</span> <span class='ocrx_word' id='word_1_143' title='bbox 1024 2369 1096 2413; x_wconf 89' lang='lat' dir='ltr'>esse</span> <span class='ocrx_word' id='word_1_144' title='bbox 1113 2349 1235 2414; x_wconf 91' lang='lat' dir='ltr'>librum</span> <span class='ocrx_word' id='word_1_145' title='bbox 1252 2353 1321 2413; x_wconf 89' lang='lat' dir='ltr'>tarn</span> 
     </span>
     <span class='ocr_line' id='line_1_22' title="bbox 351 2455 1321 2540; baseline 0.002 -22"><span class='ocrx_word' id='word_1_146' title='bbox 351 2456 485 2534; x_wconf 90' lang='lat' dir='ltr'>malum,</span> <span class='ocrx_word' id='word_1_147' title='bbox 510 2457 639 2520; x_wconf 89' lang='lat' dir='ltr'>utnon</span> <span class='ocrx_word' id='word_1_148' title='bbox 662 2455 774 2538; x_wconf 90' lang='lat' dir='ltr'>aliqua</span> <span class='ocrx_word' id='word_1_149' title='bbox 797 2478 837 2521; x_wconf 86' lang='lat' dir='ltr'>ex</span> <span class='ocrx_word' id='word_1_150' title='bbox 860 2461 955 2540; x_wconf 89' lang='lat' dir='ltr'>parte</span> <span class='ocrx_word' id='word_1_151' title='bbox 979 2458 1163 2538; x_wconf 89' lang='lat' dir='ltr'>prodesset,</span> <span class='ocrx_word' id='word_1_152' title='bbox 1193 2457 1321 2521; x_wconf 88' lang='lat' dir='ltr'>schola-</span> 
     </span>
     <span class='ocr_line' id='line_1_23' title="bbox 351 2561 1321 2648; baseline 0.001 -23"><span class='ocrx_word' id='word_1_153' title='bbox 351 2561 453 2626; x_wconf 88' lang='lat' dir='ltr'>sticus</span> <span class='ocrx_word' id='word_1_154' title='bbox 477 2563 588 2626; x_wconf 86' lang='lat' dir='ltr'>tamen</span> <span class='ocrx_word' id='word_1_155' title='bbox 613 2583 632 2626; x_wconf 90' lang='lat' dir='ltr'>a</span> <span class='ocrx_word' id='word_1_156' title='bbox 655 2563 758 2642; x_wconf 93' lang='lat' dir='ltr'>libris,</span> <span class='ocrx_word' id='word_1_157' title='bbox 767 2563 794 2648; x_wconf 86' lang='lat'>3)</span> <span class='ocrx_word' id='word_1_158' title='bbox 818 2564 940 2645; x_wconf 90' lang='lat' dir='ltr'>quibus</span> <span class='ocrx_word' id='word_1_159' title='bbox 957 2564 1126 2645; x_wconf 82' lang='lat' dir='ltr'>superflua</span> <span class='ocrx_word' id='word_1_160' title='bbox 1142 2564 1321 2646; x_wconf 88' lang='lat' dir='ltr'>praecepta</span> 
     </span>
     <span class='ocr_line' id='line_1_24' title="bbox 349 2667 1321 2752; baseline 0.001 -20"><span class='ocrx_word' id='word_1_161' title='bbox 349 2667 563 2733; x_wconf 87' lang='lat' dir='ltr'>barbariesve</span> <span class='ocrx_word' id='word_1_162' title='bbox 575 2669 664 2733; x_wconf 91' lang='lat' dir='ltr'>inest</span> <span class='ocrx_word' id='word_1_163' title='bbox 674 2706 715 2718; x_wconf 97' lang='lat'>-</span> <span class='ocrx_word' id='word_1_164' title='bbox 728 2671 841 2752; x_wconf 91' lang='lat' dir='ltr'>quales</span> <span class='ocrx_word' id='word_1_165' title='bbox 854 2690 927 2734; x_wconf 91' lang='lat' dir='ltr'>cum</span> <span class='ocrx_word' id='word_1_166' title='bbox 942 2677 1085 2734; x_wconf 84' lang='lat' dir='ltr'>maxima</span> <span class='ocrx_word' id='word_1_167' title='bbox 1098 2669 1321 2734; x_wconf 85' lang='lat' dir='ltr'>studiosorum</span> 
     </span>
     <span class='ocr_line' id='line_1_25' title="bbox 351 2775 1321 2857; baseline 0 -18"><span class='ocrx_word' id='word_1_168' title='bbox 351 2775 479 2839; x_wconf 85' lang='lat' dir='ltr'>iactura</span> <span class='ocrx_word' id='word_1_169' title='bbox 501 2775 599 2857; x_wconf 85' lang='lat' dir='ltr'>vulgo</span> <span class='ocrx_word' id='word_1_170' title='bbox 623 2776 826 2841; x_wconf 89' lang='lat' dir='ltr'>circumferri</span> <span class='ocrx_word' id='word_1_171' title='bbox 849 2777 1057 2841; x_wconf 88' lang='lat' dir='ltr'>videmus-</span> <span class='ocrx_word' id='word_1_172' title='bbox 1074 2796 1141 2840; x_wconf 91' lang='lat' dir='ltr'>non</span> <span class='ocrx_word' id='word_1_173' title='bbox 1165 2796 1259 2840; x_wconf 89' lang='lat' dir='ltr'>secus</span> <span class='ocrx_word' id='word_1_174' title='bbox 1283 2795 1321 2840; x_wconf 89' lang='lat' dir='ltr'>ac</span> 
     </span>
     <span class='ocr_line' id='line_1_26' title="bbox 263 2881 1322 2963; baseline 0.002 -18"><span class='ocrx_word' id='word_1_175' title='bbox 263 2881 307 2946; x_wconf 78' lang='lat'>40</span> <span class='ocrx_word' id='word_1_176' title='bbox 352 2899 373 2944; x_wconf 90' lang='lat' dir='ltr'>a</span> <span class='ocrx_word' id='word_1_177' title='bbox 406 2881 582 2946; x_wconf 88' lang='lat' dir='ltr'>venenosis</span> <span class='ocrx_word' id='word_1_178' title='bbox 622 2883 836 2963; x_wconf 90' lang='lat' dir='ltr'>serpentibus</span> <span class='ocrx_word' id='word_1_179' title='bbox 877 2883 942 2947; x_wconf 91' lang='lat' dir='ltr'>sibi</span> <span class='ocrx_word' id='word_1_180' title='bbox 977 2887 1100 2948; x_wconf 85' lang='lat' dir='ltr'>careat.</span> <span class='ocrx_word' id='word_1_181' title='bbox 1147 2883 1246 2961; x_wconf 86' lang='lat' dir='ltr'>Nam,</span> <span class='ocrx_word' id='word_1_182' title='bbox 1284 2885 1322 2947; x_wconf 89' lang='lat' dir='ltr'>ut</span> 
     </span>
     <span class='ocr_line' id='line_1_27' title="bbox 353 2987 1322 3070; baseline 0.001 -18"><span class='ocrx_word' id='word_1_183' title='bbox 353 2987 479 3053; x_wconf 87' lang='lat' dir='ltr'>Gellius</span> <span class='ocrx_word' id='word_1_184' title='bbox 513 2989 639 3070; x_wconf 87' lang='lat' dir='ltr'>inquit,</span> <span class='ocrx_word' id='word_1_185' title='bbox 674 2990 936 3054; x_wconf 90' lang='lat' dir='ltr'>adolescentium</span> <span class='ocrx_word' id='word_1_186' title='bbox 970 2991 1116 3055; x_wconf 90' lang='lat' dir='ltr'>indolem</span> <span class='ocrx_word' id='word_1_187' title='bbox 1151 3009 1218 3054; x_wconf 91' lang='lat' dir='ltr'>non</span> <span class='ocrx_word' id='word_1_188' title='bbox 1252 2991 1322 3054; x_wconf 87' lang='lat' dir='ltr'>tarn</span> 
     </span>
     <span class='ocr_line' id='line_1_28' title="bbox 351 3094 1322 3179; baseline 0.002 -21"><span class='ocrx_word' id='word_1_189' title='bbox 351 3094 476 3176; x_wconf 90' lang='lat' dir='ltr'>iuvant,</span> <span class='ocrx_word' id='word_1_190' title='bbox 500 3115 585 3178; x_wconf 87' lang='lat' dir='ltr'>quac</span> <span class='ocrx_word' id='word_1_191' title='bbox 608 3097 694 3161; x_wconf 88' lang='lat' dir='ltr'>bene</span> <span class='ocrx_word' id='word_1_192' title='bbox 716 3096 907 3176; x_wconf 86' lang='lat' dir='ltr'>dictasunt,</span> <span class='ocrx_word' id='word_1_193' title='bbox 932 3116 1032 3179; x_wconf 87' lang='lat' dir='ltr'>quam</span> <span class='ocrx_word' id='word_1_194' title='bbox 1050 3096 1212 3175; x_wconf 84' lang='lat' dir='ltr'>inficiunt,</span> <span class='ocrx_word' id='word_1_195' title='bbox 1236 3117 1322 3179; x_wconf 90' lang='lat' dir='ltr'>quae</span> 
     </span>
     <span class='ocr_line' id='line_1_29' title="bbox 352 3200 1321 3289; baseline 0.002 -23"><span class='ocrx_word' id='word_1_196' title='bbox 352 3201 504 3284; x_wconf 89' lang='lat' dir='ltr'>pessime.</span> <span class='ocrx_word' id='word_1_197' title='bbox 531 3200 692 3289; x_wconf 56' lang='lat' dir='ltr'>Senecae)</span> <span class='ocrx_word' id='word_1_198' title='bbox 716 3205 757 3268; x_wconf 93' lang='lat' dir='ltr'>de</span> <span class='ocrx_word' id='word_1_199' title='bbox 781 3203 873 3268; x_wconf 91' lang='lat' dir='ltr'>libris</span> <span class='ocrx_word' id='word_1_200' title='bbox 896 3205 1042 3270; x_wconf 89' lang='lat' dir='ltr'>tractans</span> <span class='ocrx_word' id='word_1_201' title='bbox 1069 3204 1166 3283; x_wconf 91' lang='lat' dir='ltr'>„Non</span> <span class='ocrx_word' id='word_1_202' title='bbox 1186 3206 1321 3286; x_wconf 86' lang='lat' dir='ltr'>refert“,</span> 
     </span>
     <span class='ocr_line' id='line_1_30' title="bbox 351 3309 1319 3394; baseline 0.003 -21"><span class='ocrx_word' id='word_1_203' title='bbox 351 3309 476 3392; x_wconf 88' lang='lat' dir='ltr'>inquit,</span> <span class='ocrx_word' id='word_1_204' title='bbox 510 3329 629 3392; x_wconf 87' lang='lat' dir='ltr'>„quarn</span> <span class='ocrx_word' id='word_1_205' title='bbox 659 3311 798 3392; x_wconf 77' lang='lat' dir='ltr'>multoe,</span> <span class='ocrx_word' id='word_1_206' title='bbox 834 3313 894 3376; x_wconf 92' lang='lat' dir='ltr'>sed</span> <span class='ocrx_word' id='word_1_207' title='bbox 923 3331 1024 3394; x_wconf 90' lang='lat' dir='ltr'>quam</span> <span class='ocrx_word' id='word_1_208' title='bbox 1051 3311 1157 3377; x_wconf 90' lang='lat' dir='ltr'>bonos</span> <span class='ocrx_word' id='word_1_209' title='bbox 1185 3312 1319 3376; x_wconf 91' lang='lat' dir='ltr'>habeas.</span> 
     </span>
     <span class='ocr_line' id='line_1_31' title="bbox 262 3414 1322 3502; baseline 0.003 -24"><span class='ocrx_word' id='word_1_210' title='bbox 262 3414 306 3478; x_wconf 78' lang='lat'>45</span> <span class='ocrx_word' id='word_1_211' title='bbox 355 3415 470 3481; x_wconf 92' lang='lat' dir='ltr'>Lectio</span> <span class='ocrx_word' id='word_1_212' title='bbox 506 3420 596 3481; x_wconf 90' lang='lat' dir='ltr'>certa</span> <span class='ocrx_word' id='word_1_213' title='bbox 629 3419 782 3502; x_wconf 85' lang='lat' dir='ltr'>prodest,</span> <span class='ocrx_word' id='word_1_214' title='bbox 820 3417 913 3482; x_wconf 88' lang='grc'><strong>13113</strong></span> <span class='ocrx_word' id='word_1_215' title='bbox 947 3419 1100 3483; x_wconf 88' lang='lat' dir='ltr'>delectat.</span> <span class='ocrx_word' id='word_1_216' title='bbox 1157 3417 1221 3494; x_wconf 87' lang='lat' dir='ltr'>Qui</span> <span class='ocrx_word' id='word_1_217' title='bbox 1256 3437 1322 3500; x_wconf 91' lang='lat' dir='ltr'>quo</span> 
     </span>
     <span class='ocr_line' id='line_1_32' title="bbox 352 3522 1322 3607; baseline 0.002 -21"><span class='ocrx_word' id='word_1_218' title='bbox 352 3522 543 3600; x_wconf 84' lang='lat' dir='ltr'>destinavit,</span> <span class='ocrx_word' id='word_1_219' title='bbox 579 3525 755 3606; x_wconf 88' lang='lat' dir='ltr'>pervenire</span> <span class='ocrx_word' id='word_1_220' title='bbox 783 3527 871 3606; x_wconf 89' lang='lat' dir='ltr'>vult,</span> <span class='ocrx_word' id='word_1_221' title='bbox 902 3545 1003 3590; x_wconf 92' lang='lat' dir='ltr'>uuam</span> <span class='ocrx_word' id='word_1_222' title='bbox 1032 3528 1191 3607; x_wconf 90' lang='lat' dir='ltr'>sequatur</span> <span class='ocrx_word' id='word_1_223' title='bbox 1224 3525 1322 3606; x_wconf 89' lang='lat' dir='ltr'>viam,</span> 
     </span>
     <span class='ocr_line' id='line_1_33' title="bbox 351 3632 1323 3714; baseline 0.005 -23"><span class='ocrx_word' id='word_1_224' title='bbox 351 3648 419 3694; x_wconf 92' lang='lat' dir='ltr'>non</span> <span class='ocrx_word' id='word_1_225' title='bbox 442 3649 502 3712; x_wconf 91' lang='lat' dir='ltr'>per</span> <span class='ocrx_word' id='word_1_226' title='bbox 526 3632 648 3695; x_wconf 85' lang='lat' dir='ltr'>multas</span> <span class='ocrx_word' id='word_1_227' title='bbox 671 3635 823 3714; x_wconf 68' lang='lat' dir='ltr'>vagatum</span> <span class='ocrx_word' id='word_1_228' title='bbox 847 3651 916 3697; x_wconf 92' lang='lat' dir='ltr'>non</span> <span class='ocrx_word' id='word_1_229' title='bbox 938 3632 987 3696; x_wconf 93' lang='lat' dir='ltr'>ire</span> <span class='ocrx_word' id='word_1_230' title='bbox 1010 3632 1110 3712; x_wconf 90' lang='lat' dir='ltr'>istud,</span> <span class='ocrx_word' id='word_1_231' title='bbox 1134 3633 1194 3696; x_wconf 93' lang='lat' dir='ltr'>sed</span> <span class='ocrx_word' id='word_1_232' title='bbox 1214 3651 1323 3696; x_wconf 90' lang='lat' dir='ltr'>errare</span> 
     </span>
     <span class='ocr_line' id='line_1_34' title="bbox 352 3735 1323 3826; baseline 0.003 -26"><span class='ocrx_word' id='word_1_233' title='bbox 352 3738 431 3804; x_wconf 87' lang='lat' dir='ltr'>est.“</span> <span class='ocrx_word' id='word_1_234' title='bbox 461 3737 503 3802; x_wconf 88' lang='lat' dir='ltr'>Et</span> <span class='ocrx_word' id='word_1_235' title='bbox 525 3735 648 3826; x_wconf 75' lang='grc'><strong>11131115)</strong></span> <span class='ocrx_word' id='word_1_236' title='bbox 671 3739 765 3804; x_wconf 87' lang='lat' dir='ltr'>alibi:</span> <span class='ocrx_word' id='word_1_237' title='bbox 792 3739 974 3819; x_wconf 88' lang='lat' dir='ltr'>„Distrahit</span> <span class='ocrx_word' id='word_1_238' title='bbox 997 3739 1145 3804; x_wconf 89' lang='lat' dir='ltr'>animum</span> <span class='ocrx_word' id='word_1_239' title='bbox 1161 3739 1323 3804; x_wconf 92' lang='lat' dir='ltr'>librorum</span> 
     </span>
    </p>
   </div>
   <div class='ocr_carea' id='block_1_3' title="bbox 0 0 1488 4336">
    <p class='ocr_par' dir='ltr' id='par_1_3' title="bbox 0 0 1488 4336">
     <span class='ocr_line' id='line_1_35' title="bbox 0 0 1488 4336; baseline 0 0"><span class='ocrx_word' id='word_1_240' title='bbox 0 0 1488 4336; x_wconf 95' lang='lat' dir='ltr'> </span> 
     </span>
    </p>
   </div>
  </div>
 </body>
</html>
