2960 4336
685 197 907 262 ..38-

353 374 464 438 studio
489 375 529 439 ad
559 375 704 457 patriam
735 375 842 439 redire
871 376 1008 456 cogaris.
1056 375 1185 442 Natura
1211 377 1328 458 paucis

354 480 565 563 minimisque
589 485 746 546 contenta
763 485 823 546 est.
856 483 994 564 Pinguis
1011 483 1129 547 venter
1145 503 1210 548 non
1227 484 1328 566 gignit

265 590 306 653 25
354 609 490 653 sensum
521 593 666 653 tenuem.
718 591 874 654 Vestibus
908 609 975 655 non
1006 591 1047 654 ad
1077 591 1189 655 luxum
1219 611 1328 673 neque

354 696 396 760 ad
413 696 549 773 cultum,
568 696 627 760 sed
643 695 747 778 magis
764 696 807 760 ad
823 695 971 779 corporis
985 697 1211 762 defensionem
1224 699 1327 762 utere.

353 801 456 868 Bonis
485 802 633 867 moribus
662 807 809 868 mentem
839 805 931 868 tuam
959 822 1132 884 compone.
1181 803 1216 868 Si
1248 804 1330 886 quid

354 908 515 974 detritum
545 912 613 986 θεῖ,
650 912 849 992 tempestive
882 909 974 974 refici
1007 910 1103 991 iube,
1141 931 1183 974 ne
1213 915 1331 994 postea

354 1015 472 1081 maiori
512 1017 687 1099 dispendio
726 1016 936 1100 opprimaris.
992 1017 1089 1094 Quod
1127 1019 1155 1081 si
1195 1018 1330 1084 omnino

267 1124 310 1188 30
353 1122 452 1204 inops
477 1143 512 1188 es
537 1143 597 1188 nec
620 1123 682 1187 tibi
706 1143 745 1187 ea
768 1125 904 1189 fortuna
926 1124 1102 1206 contingit,
1137 1144 1222 1206 quae
1250 1124 1332 1190 olim

357 1230 559 1312 Protagorae
598 1229 777 1312 contigisse
816 1232 938 1309 fertur,
982 1251 1083 1313 quem
1122 1233 1332 1296 Democritus

355 1335 551 1416 Abderites,
582 1357 658 1401 cnm
690 1338 853 1420 lignorum
877 1338 1074 1403 fasciculum
1097 1339 1205 1402 victus
1228 1358 1333 1420 quae-

357 1444 451 1508 rendi
482 1444 587 1526 gratia
616 1443 823 1509 baiulantem
851 1444 1003 1524 vidisset,
1042 1465 1154 1510 secum
1182 1445 1332 1524 abduxit,

356 1553 528 1634 sumptum
551 1550 754 1616 ministravit
786 1555 820 1616 et
849 1551 1079 1635 philosophias
1105 1550 1264 1638 docuitst)
1287 1589 1331 1598 ——

269 1658 310 1723 35
356 1658 549 1724 necessitati
571 1679 690 1742 pareas
714 1661 869 1741 opportet
893 1662 927 1724 el
950 1659 1098 1723 honestis
1120 1659 1331 1724 liberalibus-

358 1785 424 1846 que
447 1765 640 1830 hominibus
661 1765 820 1831 oboedias
836 1785 1039 1848 operamque
1055 1770 1148 1830 tuam
1164 1765 1334 1830 interdum

358 1872 446 1936 loces
477 1874 689 1955 tantumque,
721 1875 884 1955 quantum
915 1873 1026 1955 liceat,
1057 1872 1207 1937 animum
1236 1877 1334 1937 tuum

358 1978 531 2044 laboribus
577 1979 752 2044 suffuraris
799 2001 836 2045 ac
882 1980 1110 2064 philosophiae
1149 1978 1331 2061 impertias

359 2086 512 2166 Plautus,
537 2086 739 2150 comicorum
767 2087 1003 2168 facetissimus,
1034 2089 1076 2152 ob
1101 2087 1332 2169 quaerendum

269 2195 314 2258 lo
359 2193 483 2256 victum
515 2195 557 2258 ad
588 2193 858 2275 circumagendas
888 2195 1008 2272 molas,
1046 2214 1131 2275 quae
1161 2192 1334 2258 trusatiles

361 2300 589 2382 appellantur,
629 2319 766 2381 operam
800 2301 918 2382 pistori
960 2302 1087 2366 locasse
1126 2301 1333 2382 perhibetur.

358 2406 537 2471 Cleanthes
583 2407 803 2491 philosophus
850 2411 948 2472 noctu
998 2428 1118 2490 aquam
1163 2408 1263 2471 traxit
1300 2409 1335 2471 et

359 2517 520 2596 quaestus
543 2514 649 2597 gratia
672 2515 786 2580 hortos
808 2515 966 2597 irrigavit.

775 2746 828 2810 XI.

549 2903 610 2973 De
634 2902 783 2992 duplici
806 2903 928 2974 studii
950 2904 1049 2973 loco.

298 3070 311 3132 l
362 3068 485 3146 Laeua,
509 3066 567 3130 ubi
592 3066 741 3144 studeas,
774 3066 897 3147 duplex
921 3068 985 3144 θεῖ,
1016 3066 1172 3147 publicus
1203 3068 1236 3129 et
1267 3065 1333 3147 pri-

360 3178 466 3239 vatus.
500 3172 667 3253 Publicus,
691 3172 719 3236 si
742 3173 850 3237 bonus
875 3172 904 3236 ei
929 3175 1037 3237 rector
1061 3172 1250 3254 praefectus
1275 3174 1333 3250 θεῖ,

361 3300 429 3345 non
463 3283 673 3362 opportunus
708 3299 781 3342 esse
816 3299 883 3343 non
918 3282 1037 3362 potest.
1086 3281 1153 3344 Sed
1190 3299 1251 3343 nec
1286 3280 1336 3342 est

362 3387 503 3453 aedificii
527 3388 658 3452 excelsa
680 3387 782 3450 moles
807 3388 998 3468 spectanda,
1023 3406 1133 3469 neque
1158 3407 1198 3450 θο
1223 3387 1337 3451 schola

296 3497 332 3580 5)
363 3496 480 3560 melior
497 3498 558 3574 est,
583 3494 673 3577 quod
689 3493 790 3558 variis
807 3494 948 3577 picturis
966 3515 1003 3558 ac
1020 3493 1138 3558 statuis
1155 3493 1337 3558 adornatur

362 3605 420 3667 aut
447 3604 536 3684 quod
565 3603 670 3666 libero
700 3602 1020 3683 praeterlabentium
1052 3602 1229 3665 fluminum
1257 3599 1336 3664 viri-

363 3709 553 3774 dantiumve
581 3711 753 3791 pratorum
785 3711 965 3792 prospectu
995 3709 1108 3772 oculos
1136 3708 1252 3788 pascit.
1301 3707 1338 3771 Si

361 3818 460 3884 modo
488 3838 507 3881 a
534 3817 651 3902 populi
682 3817 871 3900 frequentia
899 3816 933 3880 et
962 3816 1070 3879 turbis
1101 3814 1250 3898 seposita
1282 3816 1338 3894 sit,
