2960 4336
576 220 792 282 ..27-

649 449 714 513 XV.

315 606 637 678 insimulatores
661 611 701 676 et
724 606 1049 678 dissimulatores.

219 771 296 836 Non
318 771 424 853 probo
449 789 505 834 eos
528 769 691 849 homines
716 770 807 834 aliud
830 769 888 852 qui
905 771 1040 852 pectore
1057 769 1216 844 clausurn,

264 895 461 977 Promptum
485 894 575 958 aliud
598 893 722 957 blando
747 911 878 974 semper
901 893 937 956 in
960 912 1017 957 ore
1042 895 1172 976 gerunt.

220 1018 327 1084 Mollis
351 1019 505 1084 adulator
529 1017 720 1082 dulcissima
744 1019 844 1082 rerba
868 1017 1049 1100 profundit,

57 1161 61 1168 ·
151 1145 191 1227 4)
271 1143 337 1208 Sed
361 1144 424 1208 sub
448 1143 557 1222 melle,
582 1143 663 1207 mihi
688 1144 795 1224 crede,
819 1163 948 1208 venena
971 1144 1086 1208 latent.

7 1745 10 1752 ·
132 1746 136 1752 ’
223 1731 300 1797 Non
322 1733 422 1796 modo
446 1732 502 1814 qui
525 1730 673 1814 praefert
696 1732 772 1810 tiro,
796 1732 855 1795 sed
879 1731 937 1812 qui
960 1731 1129 1795 veteranis

645 1411 727 1474 XVI.

439 1569 499 1639 De
522 1563 652 1640 tirorm
675 1573 716 1638 et
738 1572 938 1638 veterano.

154 1859 191 1941 i)
267 1857 310 1920 Se
334 1853 471 1936 confert,
496 1857 607 1936 audet,
632 1875 733 1938 quarn
757 1856 845 1937 sapit
867 1855 923 1919 ille
948 1855 1061 1937 magis,
1175 1785 1186 1850 fl

638 2124 737 2188 XVII.

534 2281 593 2351 De
616 2281 839 2351 Fidentino.

224 2443 283 2524 Est
306 2443 505 2530 Fidentinus
528 2443 723 2527 prudentior
747 2442 917 2508 Arcesilan

268 2568 310 2632 Et
334 2569 397 2632 sibi
421 2569 607 2665 Pythagora
629 2568 706 2650 plus
732 2568 810 2632 salis
835 2587 908 2631 esse
931 2568 1045 2650 putat3
1097 2623 1099 2629 .

225 2693 289 2758 Hic
311 2693 422 2759 tenuis
446 2694 554 2758 victus
578 2693 731 2758 docuisse
755 2693 888 2757 silentia
911 2691 1026 2772 feriar,
1038 2691 1065 2776 1)

155 2819 194 2903 4)
270 2820 319 2882 De
342 2818 463 2901 sophia
485 2820 605 2902 potans
629 2819 736 2883 noluit
760 2818 816 2882 iile
840 2817 942 2900 loqui.

224 2942 271 3008 At
294 2943 503 3024 Fidentiam,
528 2963 604 3008 cum
627 2944 767 3026 grandia
789 2943 910 3024 pocula
934 2940 1047 3020 siccat,

270 3059 367 3132 Nunc
391 3068 572 3152 Epicureos
596 3067 888 3149 Democritumque
913 3064 1025 3144 refert,

226 3192 325 3257 Nunc
348 3193 389 3258 de
413 3193 608 3258 Nicomachi
631 3195 711 3259 nato
736 3194 901 3275 doctoque
926 3191 1066 3256 Platone

158 3320 196 3401 8)
273 3317 439 3382 Iudicium
462 3317 608 3399 praefert
631 3317 757 3400 absque
781 3317 901 3381 rubore
925 3333 1034 3395 suum,

226 3443 363 3508 Scilicet
385 3445 423 3507 ut
446 3443 543 3526 vulgo
568 3442 703 3524 sapiens
726 3443 882 3507 videatur
905 3443 937 3505 et
961 3460 1048 3505 unus
1173 3423 1174 3426 ¹

271 3568 434 3632 Credatur
457 3568 581 3634 multos
605 3567 805 3652 explicuisse
830 3567 948 3644 libros3

228 3692 378 3758 Pittacus
387 3691 417 3777 2)
434 3694 469 3756 at
484 3691 630 3758 monuit:
651 3692 884 3773 „Noscendum
901 3693 1046 3774 tempus,
1064 3695 1101 3756 ut
1116 3688 1223 3752 omnis

161 3817 219 3902 12)
273 3817 369 3885 Actio
393 3838 514 3902 resque
538 3837 598 3882 suo
622 3818 781 3900 congruat
802 3818 882 3900 apta
904 3791 1006 3882 locos
