2960 4336
572 171 792 236 ..35-

263 345 325 411 Hic
350 346 506 413 divinitus
529 348 637 414 indita

262 453 303 518 vi
325 473 388 519 nec
412 455 608 538 pauperiem
632 475 694 521 nec
718 455 863 521 scabiem
887 457 1008 523 malam

263 561 376 644 Fugit,
406 563 466 628 sed
489 562 619 628 miseris
647 565 762 630 oscula
790 583 865 630 cum
895 564 1090 631 muneribus
1114 565 1213 631 dedit.

264 702 387 768 Christi
411 706 521 770 motus
544 703 686 788 imagine

264 811 332 876 Res
356 811 542 883 divendidit
565 816 599 876 et
622 812 784 878 sollicitus
808 832 937 879 sacram

151 919 212 1003 30)
264 917 392 982 Aedem
417 918 600 1000 magnificis
624 921 798 985 constitnit
822 921 945 986 ducere
969 921 1170 1004 sumptibus.

264 1060 408 1124 Cunctas
433 1064 549 1143 captus
574 1060 615 1126 ab
639 1059 741 1144 impio

264 1165 460 1249 Aspernans
484 1167 585 1232 abicit
608 1169 741 1234 divitias
765 1170 861 1251 patre

266 1273 308 1337 El
332 1273 420 1338 curis
443 1293 567 1339 vacuus
591 1294 647 1339 cor
671 1276 802 1360 superis
826 1275 958 1341 dedicat
981 1275 1158 1363 integrum.

263 1415 312 1481 Ex
335 1418 505 1499 euangelio
529 1418 633 1482 sacris

264 1523 469 1588 Instructam
492 1523 614 1606 cupido
641 1526 773 1606 pectore
796 1524 925 1607 legibus

151 1631 211 1715 36)
265 1629 357 1697 Coeli
380 1650 479 1696 verns
503 1652 606 1711 amor,
630 1651 708 1697 vera
732 1630 785 1697 dei
808 1632 916 1715 gratia
938 1634 1121 1715 promovet.

264 1773 371 1840 Solvit
394 1774 435 1837 de
458 1775 543 1855 pede
566 1774 707 1839 mulleos

266 1880 336 1945 Nec
361 1880 546 1963 carpiscula
571 1900 632 1944 uec
656 1881 842 1945 sandalium
866 1879 959 1961 tulit3

266 1987 391 2053 Zouam
414 1988 606 2054 sordidulus
630 1988 800 2053 funiculus
825 1987 954 2070 depulit
977 2008 1122 2054 auream.
1175 1990 1179 1998 '

265 2105 450 2194 Contentus
473 2129 588 2195 tunica
612 2128 709 2194 nimis

264 2237 327 2301 Vili
351 2255 539 2318 purpureas
563 2238 629 2301 iarn
653 2236 749 2301 nihili
772 2237 866 2320 togas

150 2344 212 2427 ld)
269 2344 397 2418 pennu,
423 2349 534 2408 mente
559 2343 619 2426 pili
643 2363 741 2408 russa
763 2343 843 2408 facit
865 2343 932 2408 iarn
957 2342 1156 2408 diademata.

266 2486 470 2550 Praeconem
494 2485 617 2550 domini
643 2484 678 2550 in
701 2486 814 2550 niuem

266 2593 392 2658 Scaeuo
415 2592 642 2675 praecipitant
666 2593 763 2657 corde
787 2590 975 2672 latrunculi,

265 2699 405 2764 Ardenti
429 2699 569 2782 rigidum
595 2700 655 2764 sed
678 2700 793 2766 nocuit
816 2701 864 2764 nil
888 2699 998 2765 auimo
1020 2698 1105 2782 gelu.

265 2843 353 2907 Dum
376 2843 423 2906 sic
446 2842 568 2906 militat
591 2843 731 2907 arduum

266 2948 354 3014 lixis
379 2949 525 3014 consiliis
550 2949 724 3032 perficiens
747 2951 834 3042 iter,¹

198 3059 206 3072 “
269 3055 465 3139 Complures
489 3058 627 3122 comites
650 3057 862 3140 magnanimo
886 3076 922 3121 so
946 3056 1074 3122 sociant
1098 3054 1183 3121 duci.

267 3198 330 3263 Hic
354 3198 560 3282 evangelicos
584 3200 653 3264 suis

267 3305 434 3372 Conscivit
459 3325 603 3372 canonas
628 3305 811 3390 discipulis,
835 3305 923 3371 viam

267 3413 455 3478 Ostendens
479 3413 628 3493 solidam,
652 3434 719 3496 qua
743 3421 900 3497 superum
923 3412 1015 3496 regia
1038 3412 1217 3478 scanditur.

267 3557 389 3620 Duram
414 3554 607 3638 pauperiem
632 3554 712 3638 pati,

266 3665 367 3728 Veras
392 3662 524 3728 diritius
548 3666 585 3728 ut
609 3663 672 3728 sibi
696 3664 901 3747 comparent,

152 3773 215 3858 54)
269 3771 385 3836 Rebus
394 3770 604 3855 posthabitis,
614 3770 1100 3861 quasmiserumvulgusamal‚
1113 3770 1218 3834 docet.

1007 3912 1050 3978 3.
