2960 4336
147 672 320 731 'I'imanno
338 670 531 731 Kamenero
545 671 735 746 wemensi,
755 671 949 733 clarissimo
967 673 1210 747 philosophiae

147 780 323 854 magistro,
342 779 539 838 litteratorii
558 779 653 853 apud
671 780 795 839 urbem
807 779 1122 840 Monasteriensem
1136 781 1211 840 ludi

147 887 276 948 rectori
294 902 335 947 ac
353 887 504 961 principi
518 888 649 961 optime
663 888 796 962 merito,
816 889 969 948 loannes
984 887 1210 962 Murmellius,

303 994 539 1054 humanarum
557 994 686 1053 artium
703 995 888 1069 professor,
908 994 1060 1054 salutem

529 1101 719 1174 plurimam
737 1101 828 1162 dicit.

175 1286 189 1347 1
237 1283 314 1347 Non
337 1281 474 1363 illepide
498 1281 673 1347 Plautinus
697 1281 755 1346 ille
780 1281 1026 1368 Philolaches¹)
1047 1282 1211 1365 homineS,

239 1389 296 1454 ubi
320 1390 389 1454 nati
414 1390 502 1470 sunt,
531 1408 693 1454 novarum
716 1389 848 1454 aedium
872 1387 998 1454 similes
1021 1390 1212 1470 arbitratur,

239 1497 338 1580 quod,
363 1497 449 1561 sicut
471 1497 545 1576 hae,
569 1497 611 1561 ab
635 1495 762 1579 optimo
785 1495 880 1561 fabro
903 1497 1114 1561 constructae
1137 1495 1212 1562 dili-

239 1603 394 1688 gentique
417 1605 489 1668 arte
513 1603 686 1687 expolitae,
715 1604 913 1686 plerumque
937 1623 1053 1668 eorum
1083 1602 1213 1667 desidia

172 1711 192 1776 5
237 1712 270 1776 et
281 1710 418 1791 incuria,
436 1710 494 1792 qui
505 1709 704 1790 inhabitant,
718 1713 880 1774 corruunt
893 1713 993 1793 atque
1007 1709 1211 1791 dilabuntur,

238 1817 286 1882 ita
302 1821 336 1882 et
352 1818 593 1897 adolescentes
615 1816 745 1882 durnin
762 1818 932 1882 fabrorum
948 1818 1115 1900 potestate
1133 1819 1213 1881 sunt

239 1943 278 1988 ac
301 1924 497 2007 parentibus
521 1924 591 1988 suis
613 1924 890 2007 praeceptorique
918 1923 1115 2002 oboediunt,
1146 1923 1213 1988 iam

239 2035 320 2097 tuuc
344 2034 434 2095 recte
458 2033 628 2112 curantur,
657 2030 786 2095 litteras
813 2031 847 2095 et
868 2031 976 2096 bonos
999 2049 1109 2094 mores
1134 2030 1213 2095 edo-

240 2141 366 2219 centur,
391 2139 473 2204 adeo
498 2139 643 2221 denique
672 2137 826 2220 ingenuis
853 2137 983 2202 artibus
1006 2138 1212 2218 excoluntur,

153 2247 195 2312 10
238 2247 276 2310 ut
305 2244 361 2310 alii
393 2246 549 2326 coniuges
577 2244 641 2309 sibi
670 2265 743 2310 esse
773 2245 907 2309 illorum
938 2244 1064 2309 similes
1092 2244 1213 2310 liberos

233 2354 410 2436 exoptent.
457 2353 522 2417 Ubi
552 2371 632 2417 vero
659 2353 696 2417 in
723 2351 894 2434 ingenium
922 2371 1021 2416 suum
1044 2351 1213 2434 immigra-

241 2460 373 2540 verunt,
404 2461 455 2525 tot
478 2459 589 2524 subito
617 2459 834 2540 tempestates
857 2460 890 2523 et
914 2457 1018 2523 nimbi
1041 2457 1212 2540 ingruunt,

240 2569 278 2632 ut
310 2565 509 2632 verecundia
542 2564 740 2648 virtutisque
775 2565 874 2631 modo
909 2565 1103 2643 deturbato,
1142 2563 1207 2629 nisi

241 2677 371 2740 mature
380 2672 620 2740 adminiculum
629 2671 863 2753 substituatur,
876 2670 1103 2755 gravissimam
1113 2671 1212 2736 aedes

155 2783 194 2848 15
239 2782 370 2847 ruinam
409 2779 618 2845 minitentur.
678 2778 840 2857 Quocirca
880 2778 1120 2843 consulendum
1158 2778 1211 2842 est

241 2887 509 2965 adolescentulis
530 2907 573 2950 ne
592 2889 671 2952 aute
688 2888 853 2951 maturam
871 2887 1013 2950 aetatem
1029 2903 1105 2948 cum
1121 2883 1215 2967 pigra

243 2996 405 3061 malorum
437 2993 616 3059 affectuum
646 2993 747 3058 turba
777 2993 878 3057 aedes
908 3011 986 3056 suas
1016 2990 1215 3071 inhabitent,

242 3103 381 3168 sedeas
404 3100 447 3166 ab
476 3100 610 3184 optimis
639 3100 742 3165 fabris
773 3101 807 3163 et
837 3098 1126 3181 praeceptoribus,
1158 3095 1216 3180 qui

243 3210 431 3274 animorum
453 3210 609 3290 parentes
633 3209 721 3286 sunt,
745 3205 911 3289 tantisper
935 3203 1074 3286 expoliri
1091 3205 1215 3285 sinant,

154 3319 198 3383 ab
242 3317 346 3382 donec
369 3315 436 3380 iam
460 3333 536 3379 cum
552 3315 691 3379 strenua
706 3313 866 3378 virtutum
882 3312 1007 3377 familia
1023 3331 1088 3376 non
1107 3311 1216 3376 solum

242 3422 440 3503 inhabitare,
465 3423 524 3487 sed
548 3420 649 3486 etiam
673 3421 760 3486 tueri
784 3422 870 3502 illas,
899 3420 928 3484 si
952 3419 1033 3502 quid
1057 3418 1217 3484 detritum

243 3529 354 3610 fuerit,
378 3548 544 3611 reparare,
561 3530 714 3594 ornatum
731 3547 895 3609 exaugere
911 3525 1104 3592 felicissimo
1122 3526 1217 3590 deni-

245 3656 311 3720 que
344 3656 409 3701 usu
440 3639 687 3702 consummatas
720 3635 856 3700 sedibus
887 3634 983 3717 longe
1012 3631 1216 3698 beatissimis

244 3745 374 3808 mutare
397 3743 536 3826 possint.
580 3741 744 3820 Quoniam
767 3741 879 3824 igitur,
904 3743 941 3806 ut
963 3740 1134 3806 commode
1158 3737 1217 3803 fiat

154 3852 197 3918 25
242 3849 421 3934 expolitio,
460 3851 530 3915 tam
569 3847 745 3933 discipuli,
783 3868 885 3931 quam
924 3847 1070 3914 doctoris
1108 3843 1218 3910 officia
