2960 4336
244 778 362 874 Quod
373 783 586 868 parentum
598 784 669 862 est,
681 780 827 851 liberos
841 780 1047 870 diligenter
1057 781 1305 874 honesteque

369 885 540 957 educare
564 891 605 957 et
626 887 743 958 bonis
766 887 944 958 moribus
966 888 1183 994 instituere.

271 1069 283 1130 l
332 1067 380 1130 De
413 1065 595 1131 liberorum
626 1067 822 1132 educatione
853 1070 1059 1153 puerilisque
1091 1073 1124 1135 et
1151 1071 1306 1137 iuvenilis

333 1173 541 1237 institutione
558 1174 677 1238 aetatis
690 1175 834 1255 plurima
846 1175 1028 1241 doctissimi
1041 1176 1192 1243 homines
1205 1199 1307 1262 opus-

333 1280 408 1344 cula
431 1280 652 1362 scripserunt,
684 1283 717 1345 et
749 1300 788 1344 ea
816 1283 990 1364 praeclara
1017 1282 1152 1365 quidem
1182 1305 1220 1349 ac
1243 1285 1307 1368 legi

337 1386 540 1469 dignissima,
572 1390 608 1452 ut
639 1387 821 1471 inquibus
850 1389 891 1453 de
920 1409 955 1454 re
979 1390 1143 1472 imprimis
1170 1391 1244 1455 utili
1275 1394 1308 1455 et

268 1495 287 1558 5
331 1495 520 1560 necessaria
543 1495 699 1560 uniuerso
724 1497 870 1560 humano
894 1497 1007 1579 generi
1031 1502 1213 1580 praecepta
1228 1518 1307 1563 con-

334 1601 514 1665 tineantur.
546 1600 629 1679 Quis
653 1603 705 1666 est
728 1601 817 1666 enim
840 1620 941 1667 sanae
966 1604 1096 1680 mentis
1121 1605 1178 1686 qui
1202 1625 1309 1687 quan-

335 1709 402 1772 tam
431 1708 614 1791 perniciem
646 1728 714 1774 non
745 1710 828 1790 ipsis
863 1710 971 1773 solum
1005 1712 1218 1793 parentibuS,
1250 1712 1310 1777 sed

335 1817 501 1882 communi
526 1817 699 1882 hominum
720 1817 873 1882 societati
894 1809 1044 1900 neglecta
1058 1817 1203 1883 filiorum
1219 1822 1309 1883 recta

336 1922 488 1988 educatio
512 1924 653 1989 allatura
677 1925 729 2003 sit,
754 1944 822 1988 non
844 1923 978 1990 videat?
1004 1925 1077 2002 Qua
1102 1925 1143 1990 de
1165 1945 1200 1988 re
1218 1925 1309 1990 Peri-

234 2031 291 2095 Ἰ10
332 2031 578 2112 patheticorum
612 2031 769 2114 princeps
805 2031 1003 2096 Aristoteles
1015 2031 1041 2117 1)
1074 2031 1109 2096 in
1143 2031 1309 2115 principio

336 2138 444 2202 octavi
487 2137 701 2204 Politicorum
740 2138 815 2203 libri
853 2138 969 2218 „Quod
1017 2139 1149 2221 igitur“,
1187 2139 1310 2221 inquit,

341 2265 379 2324 „a
402 2245 484 2326 legis
517 2245 667 2327 positore
700 2245 842 2310 maxime
875 2245 1118 2310 intendendum
1150 2245 1194 2310 sit
1226 2246 1311 2311 circa

337 2349 545 2434 disciplinam
561 2351 753 2432 iuventutis,
778 2371 877 2417 nemo
894 2352 1010 2435 utique
1029 2352 1207 2431 dubitabit,
1232 2373 1309 2418 narn

337 2456 372 2522 id
388 2458 523 2540 quidem
539 2459 727 2541 neglectum
742 2458 775 2522 in
792 2458 983 2523 civitatibus
996 2457 1093 2522 affert
1106 2459 1311 2540 reipublicae

254 2563 291 2628 15
336 2564 602 2630 detrimentum.“
641 2563 828 2650 Laertius2)
851 2565 968 2656 scribit
991 2566 1135 2631 eundem
1158 2565 1311 2630 dictitare

338 2673 482 2748 solitum,
502 2675 670 2755 parentes
694 2673 751 2754 qui
768 2672 893 2736 liberos
910 2672 1109 2738 erudiendos
1127 2676 1311 2754 curassent,

306 2761 308 2766 ¹
338 2778 433 2861 longe
449 2778 711 2844 honorabiliores
727 2798 800 2844 esse
817 2780 879 2860 hie,
904 2780 962 2861 qui
984 2780 1093 2844 solum
1108 2779 1310 2862 genuissent.

340 2886 409 2949 Hos
426 2886 515 2951 enim
531 2886 664 2951 vivendi
680 2889 820 2963 tantum,
837 2886 911 2951 illos
928 2885 1026 2951 etiam
1044 2887 1131 2950 bene
1148 2887 1312 2969 beateque

339 2992 472 3058 vivendi
496 2997 650 3059 auctores
674 3013 756 3058 esse.
805 2993 937 3079 Pratoss)
965 2996 1078 3058 autem
1107 2995 1142 3058 in
1172 3013 1211 3058 eo
1241 2993 1312 3058 dia-

251 3100 295 3164 io
337 3100 421 3183 logo,
445 3100 502 3184 qui
525 3101 675 3182 Theages
700 3101 741 3165 de
764 3099 929 3183 sapientia
952 3099 1156 3181 inscribitur,
1181 3100 1228 3165 sic
1252 3100 1313 3165 ait:

343 3207 438 3286 ,Non
463 3207 553 3272 enim
572 3208 736 3273 hactenus
753 3209 901 3290 cognovi,
926 3207 979 3272 cui
994 3208 1043 3270 rei
1061 3207 1219 3272 maiorem
1238 3207 1313 3272 dili-

340 3314 487 3396 gentiam
510 3315 663 3399 quisquis
691 3319 838 3380 mentem
867 3315 968 3380 habet
998 3315 1156 3379 adhibere
1181 3315 1313 3396 debeat,

345 3441 446 3503 quam
470 3424 507 3485 ut
530 3422 693 3505 optimum
717 3421 822 3487 filium
846 3423 993 3487 reddat.“
1025 3419 1178 3507 Crates4)
1202 3422 1314 3502 etiam,

342 3527 369 3591 si
392 3527 551 3609 licuisset,
581 3530 639 3594 ubi
668 3530 702 3593 in
728 3530 925 3595 altissimam
950 3530 1198 3593 conscendisset
1221 3528 1315 3592 urbis

254 3634 295 3698 25
339 3638 480 3716 partem,
494 3621 530 3699 se
543 3635 798 3702 vociferaturum
811 3637 998 3702 dictitabat:
1018 3636 1202 3715 „Quorsum
1214 3633 1314 3700 ruitis

342 3742 502 3826 homineS,
519 3744 575 3826 qui
592 3761 689 3808 omne
705 3744 740 3807 in
756 3742 987 3827 comparandis
1000 3741 1152 3826 pecuniis
1165 3741 1315 3806 studium
