2960 4336
287 541 617 613 Probatissimum
638 546 941 632 praeceptorem
969 540 1223 632 deligendum
1250 561 1350 613 esse.

315 706 328 769 1
378 704 636 769 Probatissimus
649 708 857 787 praeceptor,
874 724 973 788 aquo
985 704 1082 787 pueri
1096 704 1351 786 diligentissime

377 812 606 889 instituantur,
631 831 762 877 summa
785 831 865 876 cura
888 812 1084 894 deligendus
1109 815 1168 876 est.
1194 812 1233 876 In
1256 814 1350 876 sexto

375 921 463 984 enim
482 920 522 983 de
539 919 667 1002 legibus
684 920 768 983 libro
785 920 881 984 Plato
890 918 914 1000 1)
932 919 979 984 sic
995 919 1123 984 scribit:
1151 918 1352 1000 „Hominem

374 1030 589 1091 mansuetum
612 1026 735 1091 animal
768 1046 841 1090 esse
870 1025 1022 1090 dicimus
1070 1025 1184 1105 Certe,
1214 1025 1243 1090 si
1273 1046 1351 1090 curn

308 1135 328 1197 5
375 1136 496 1198 natura
534 1134 622 1200 felici
661 1137 789 1198 rectam
827 1153 961 1215 qnoque
1000 1133 1212 1214 disciplinam
1249 1133 1351 1199 fuerit

373 1243 557 1319 assecutus,
583 1239 732 1305 divinum
750 1239 871 1304 animal
888 1243 921 1303 et
937 1243 1149 1304 mansuetum
1175 1237 1349 1304 efficietur.

376 1347 412 1410 Si
436 1366 514 1410 vero
546 1366 612 1410 non
644 1346 725 1410 satis
758 1350 815 1410 aut
843 1366 911 1411 non
938 1346 1024 1410 bene
1052 1345 1155 1410 fuerit
1179 1346 1351 1428 educatus,

375 1453 613 1518 ferocissimum
642 1453 805 1533 omnium,
840 1473 925 1536 quae
960 1455 995 1518 in
1026 1453 1125 1517 terris
1157 1456 1351 1534 nascuntur,

375 1561 496 1624 animal
521 1561 681 1625 redditur.
718 1561 825 1639 Quam
850 1562 985 1624 obrem
1009 1565 1078 1624 non'
1101 1562 1200 1625 debet
1224 1562 1351 1642 legum-

290 1669 331 1732 10
377 1667 463 1732 lator
486 1688 555 1732 rern
580 1688 790 1750 summopere
815 1668 1051 1744 necessariam,
1077 1667 1243 1749 pueritiae
1267 1668 1352 1731 edu-

374 1776 549 1854 cationem,
572 1778 789 1858 postponere,
820 1775 880 1839 sed
907 1794 1044 1856 operam
1074 1775 1154 1839 darc
1176 1774 1352 1858 imprimiS,

377 1884 414 1945 ut
427 1881 572 1964 optimus
585 1881 636 1946 vir
648 1882 798 1964 eligatur,
812 1883 869 1964 qui
879 1883 992 1963 pueris
1001 1880 1183 1945 educandis
1193 1881 1348 1963 praesit.“

377 1989 470 2053 Idem
488 1989 593 2069 Plat0,
611 1988 699 2053 utin
715 1990 784 2054 vita
800 1989 872 2053 Caii
886 1988 980 2053 Marii
992 1987 1093 2052 refert
1107 1987 1352 2074 Plutarchus,2>

375 2094 461 2161 circa
484 2116 523 2160 ea
546 2099 705 2179 tempora,
729 2096 852 2177 quibus
877 2096 1055 2161 defunctus
1072 2098 1140 2178 est,
1170 2115 1230 2161 suo
1253 2095 1352 2177 genio

290 2203 346 2266 15*
375 2205 475 2284 atque
500 2205 653 2268 fortunae
677 2203 800 2285 gratias
830 2204 909 2284 egit,
941 2203 1102 2284 primum,
1132 2204 1223 2285 quod
1250 2203 1351 2267 homo

376 2312 409 2372 et
433 2329 500 2375 non
523 2310 639 2389 bestia,
665 2311 820 2381 secundo,
845 2310 936 2393 quod
956 2310 1101 2374 Graecus
1126 2312 1158 2373 et
1182 2328 1249 2373 non
1271 2310 1351 2373 bar-

373 2417 475 2480 barus
500 2420 598 2481 natus
622 2419 722 2495 esset,
751 2418 862 2494 tertio,
893 2417 984 2499 quod
1011 2435 1071 2498 per
1094 2417 1241 2481 Socratis
1264 2419 1351 2480 tem-

373 2543 457 2606 pora
485 2525 629 2588 aetatem
659 2527 803 2605 ageret“.
850 2522 949 2586 Tanti
976 2523 1027 2587 vir
1055 2523 1111 2587 ille
1141 2521 1272 2587 divinus
1295 2541 1351 2587 sa-

374 2630 494 2712 pientis
538 2631 687 2714 magistri
731 2631 862 2712 copiam
912 2629 1110 2694 aestimarit.
1173 2631 1351 2713 Philippus

288 2738 331 2801 ΞΟ
377 2757 529 2820 quoque,
564 2736 776 2804 Macedoniae
808 2757 879 2817 rex,
915 2737 1092 2802 maximam
1117 2736 1186 2800 deis
1210 2736 1351 2819 gratiam

374 2844 505 2924 habuit,
541 2846 631 2927 quod
663 2846 870 2928 temporibus
902 2845 991 2909 vitae
1022 2843 1214 2908 Aristotelis
1245 2843 1351 2907 filiurn

374 2951 438 3016 sibi
461 2951 553 3016 nasci
584 2952 736 3032 contigit,
769 2971 867 3033 quem
896 2951 1021 3034 primas
1051 2951 1151 3014 etiam
1180 2952 1306 3015 litteras
1330 2972 1352 3016 a

375 3077 504 3122 summo
539 3058 739 3142 philosopho
774 3058 903 3123 discere
940 3058 1054 3122 voluit.
1102 3057 1239 3138 Nescio,
1275 3056 1351 3139 quis

374 3184 466 3230 error
490 3165 657 3230 Leonidae
666 3164 695 3249 3)
719 3165 828 3228 locum
851 3164 940 3244 fecit,
964 3165 1033 3247 qui,
1063 3166 1101 3228 ut
1123 3185 1142 3229 a
1164 3163 1351 3246 Babylonio

286 3272 328 3338 25
375 3273 520 3356 Diogene
555 3274 716 3350 traditur,
756 3273 957 3354 quibusdam
992 3271 1219 3336 Alexandrum
1260 3271 1351 3336 vitiis

373 3380 501 3462 imbuit,
527 3401 613 3463 quae
638 3380 813 3446 robustum
837 3399 971 3462 quoque
993 3382 1026 3443 et
1042 3379 1222 3443 maximum
1240 3399 1351 3461 regem

375 3489 416 3552 ab
445 3487 503 3552 illa
533 3487 747 3553 institutione
775 3486 896 3571 puerili
925 3490 1005 3551 sunt
1027 3488 1212 3569 persecuta.
1261 3485 1351 3550 Nihil

375 3596 486 3659 autem
510 3595 575 3674 est,
608 3596 699 3677 quod
730 3596 858 3659 animos
887 3594 1006 3659 dubios
1036 3595 1070 3657 et
1100 3594 1142 3657 ad
1169 3592 1250 3657 vilia
1273 3612 1351 3676 pro-

374 3721 497 3784 pensos
526 3702 631 3783 magis
660 3702 872 3784 praecipitet,
904 3720 1005 3783 quarn
1028 3700 1256 3784 improborum
1279 3719 1351 3764 rna-

287 3812 331 3875 30
374 3809 551 3892 gistrorum
573 3808 816 3890 persuasiones
841 3827 926 3892 quos
943 3807 1076 3892 Plat04)
1100 3809 1136 3872 in
1153 3827 1192 3872 eo
1209 3808 1350 3890 dialog0,
