2960 4336
547 196 768 265 -31..

216 375 379 462 Gellius2)
408 377 574 458 meminit,
610 399 650 443 ex
680 379 784 444 servis
816 379 851 446 in
878 380 1095 465 philosophos
1124 403 1191 449 non

216 483 403 548 incelebres
442 489 629 550 evaserunt.
693 488 852 552 Videmus
897 488 997 554 etiam
1040 489 1191 574 quotidie

214 591 355 672 multos,
397 592 455 674 qui
495 592 616 676 alioqui
651 594 816 677 opiliones
857 599 913 661 aut
949 597 1079 661 subulci
1114 596 1192 662 facti

122 698 167 762 45
217 702 343 778 essent,
380 699 586 765 litteraturae
616 700 780 768 beneficio
813 722 881 768 non
911 705 1096 786 pecudum,
1132 705 1192 769 sed

214 806 388 871 hominum
410 809 563 889 pastores
586 806 673 885 fieri,
698 829 764 874 non
788 809 915 888 currui,
948 811 1007 876 sed
1031 811 1190 877 ecclesiae

214 913 378 994 regendae
401 913 546 996 praefici.
572 914 669 991 Quod
694 916 721 980 si
745 915 851 980 forma
873 916 1003 982 liberali
1019 918 1191 1000 praeditus

215 1039 261 1098 es,
286 1040 376 1097 cave,
400 1039 442 1085 ne
465 1020 556 1085 vitiis
581 1022 896 1103 eam'dehonestes3
920 1024 972 1088 sin
996 1027 1109 1109 autem
1133 1025 1191 1090 de-

214 1125 353 1191 formem
383 1130 416 1191 te
449 1131 570 1192 natura
599 1129 770 1211 produxit,
806 1132 894 1212 quod
929 1133 1059 1215 corpori
1088 1133 1191 1211 deest,

125 1233 170 1297 50
217 1233 319 1298 animi
342 1234 435 1299 cultu
460 1236 558 1300 stude
575 1255 801 1318 compensare.
828 1239 1006 1302 Pomorum
1022 1239 1191 1321 quoddam

215 1360 321 1422 genus
352 1327 417 1422 est,
452 1361 539 1424 quae
569 1343 631 1406 sub
664 1343 755 1426 turpi
786 1329 892 1426 atque
919 1363 1037 1426 aspero
1069 1345 1191 1410 cortice
1224 1368 1227 1373 ·

215 1467 350 1512 suarem
375 1452 546 1512 asservant
570 1469 732 1533 saporem.
766 1449 901 1532 Ulysses
925 1470 993 1515 non
1016 1450 1190 1534 formosuS,

214 1555 473 1620 facundissimus
496 1557 608 1620 tamen
631 1556 702 1621 fuit.
737 1557 773 1621 Si
788 1557 868 1621 item
886 1557 1010 1642 divitiis
1027 1558 1190 1641 abundas
1226 1644 1231 1648 ¹

195 1663 303 1726 'tluxo
328 1665 361 1726 et
383 1663 536 1728 mutabili
559 1664 648 1729 bono
672 1665 740 1729 noli
764 1663 942 1752 confidere,

122 1769 165 1833 55
215 1821 221 1833 .
247 1821 254 1833 .
280 1821 287 1854 ‚
315 1772 459 1852 ,puncto
483 1771 573 1853 quod
596 1771 729 1858 mobilis
753 1773 865 1852 horae,

259 1876 355 1940 Nunc
378 1898 491 1959 prece,
516 1898 606 1942 nunc
628 1879 754 1962 pretio,
778 1899 867 1943 nunc
890 1879 937 1960 vi,
970 1898 1060 1943 nunc
1084 1882 1190 1944 morte

349 2050 350 2056 χ
925 2006 1083 2069 suprema

259 2090 431 2157 Permutat
455 2091 607 2156 dominos
631 2093 664 2156 et
688 2092 777 2157 cedit
799 2094 835 2157 in
859 2094 964 2158 altera
986 2092 1068 2158 iura.
1077 2093 1123 2178 3)“

182 2229 184 2234 ·
213 2196 392 2262 Scientiam
420 2198 473 2263 vel
496 2199 587 2263 mille
612 2199 742 2281 tyranni
767 2199 895 2282 eripere
919 2219 987 2263 non
1010 2201 1160 2283 possunt.

123 2305 168 2368 60
214 2302 425 2389 Aristippum
435 2303 461 2389 4)
485 2307 658 2388 naufragio
682 2306 824 2371 eiectum
848 2307 1071 2388 omnibusque
1088 2307 1191 2371 rebus

213 2415 350 2476 exutum
374 2412 586 2495 philosophia
608 2433 676 2478 non
702 2413 856 2478 deseruit.
894 2413 1052 2478 Ovidium
1076 2415 1190 2478 Musae

213 2518 256 2582 ad
272 2518 373 2582 Getas
397 2539 504 2602 usque
528 2521 704 2587 comitatae
728 2524 806 2585 sunt
822 2519 1045 2603 solatiumque
1062 2519 1189 2585 homini
1277 2568 1279 2572 a

211 2623 246 2688 in
278 2627 380 2690 tantis
409 2626 551 2691 miseriis
581 2629 763 2692 constituto
792 2627 926 2692 assidue
951 2627 1186 2692 exhibuerunt.

212 2732 249 2796 Si
273 2752 402 2815 pauper
427 2754 472 2813 es,
496 2736 537 2800 ad
562 2736 726 2800 bonarum
743 2735 864 2800 artium
881 2734 994 2798 studia
1009 2737 1042 2798 te
1059 2735 1187 2814 contem

123 2838 165 2902 65
212 2838 306 2904 brevi
331 2841 475 2904 ditescas
500 2844 568 2918 aut,
592 2841 683 2923 quod
705 2841 809 2924 magis
833 2861 851 2906 e
874 2861 909 2904 re
931 2844 990 2914 tua
1006 2843 1079 2919 erit,
1103 2860 1189 2923 opu-

214 2945 350 3011 lentiam
381 2967 448 3012 non
479 2948 703 3030 concupisces.
760 2947 850 3025 Quid
881 2947 934 3013 vel
962 2949 1109 3013 medicos
1136 2948 1190 3012 vel

214 3051 457 3119 iureconsultos
473 3075 662 3133 memorem,
685 3075 827 3138 quorum
844 3057 1002 3138 quaestus
1019 3057 1072 3119 est
1085 3054 1189 3119 multo

212 3161 427 3226 uberrimus?
472 3163 685 3228 Grammatici
726 3165 760 3226 et
793 3167 913 3244 poetae
949 3181 1189 3245 saepenumero

212 3288 348 3350 magnas
372 3289 454 3351 opes
478 3269 649 3334 consecuti
676 3274 765 3335 sunt.
812 3269 977 3351 Vergilius
1008 3270 1188 3352 quotannis

127 3374 170 3438 70
217 3393 335 3440 aurum
360 3376 556 3458 parentibus
584 3377 654 3441 suis
683 3377 725 3440 ad
748 3378 976 3441 abundantem
999 3375 1189 3441 alimoniam

212 3481 406 3547 transmisit.
470 3483 631 3547 Horatius
681 3482 765 3563 „frui
807 3481 990 3566 paratis5)“
1039 3483 1185 3565 optabat.

212 3588 435 3674 Oppianus,⁶)
459 3590 516 3671 qui
538 3589 680 3673 piscium
703 3593 838 3655 naturas
861 3590 986 3655 Graece
1003 3587 1187 3671 descripsit,

212 3695 351 3778 singulis
387 3698 499 3784 aureis
532 3716 648 3762 versus
683 3697 832 3778 singulos
862 3697 1003 3762 feliciter
1035 3696 1186 3765 mutavit.
