2960 4336
256 599 296 662 10

258 1669 301 1732 20

287 2422 300 2484 1

286 2848 305 2910 5

671 205 892 270 „34-

340 381 451 448 omnia
474 382 659 447 cavendum
684 385 744 461 est,
769 403 810 448 ne
835 384 892 447 aut
916 382 1074 447 diuturna
1093 382 1313 447 sollicitudIne

341 493 399 554 aut
411 489 501 571 gravi
515 493 649 571 torpore
663 493 696 553 θῖ
709 490 804 573 quasi
820 490 969 571 lethargo
977 489 1135 554 memoria
1142 492 1312 555 obruatur.

342 598 483 661 Maxime
507 598 608 660 ettam
632 597 809 661 ebriositas
833 596 969 662 vitanda
992 600 1053 674 est,
1077 617 1144 680 qua
1165 597 1249 662 nihil
1265 599 1316 661 est

341 703 446 768 menti
469 704 704 787 perniciosius3
726 724 802 769 nam
819 703 875 769 illa
892 724 1048 769 sensuum
1066 707 1100 769 et
1116 705 1316 768 exteriorum

342 814 375 875 et
402 812 599 876 interiorum
627 831 751 893 organa
787 812 966 876 labefactat
993 811 1208 893 animumque
1239 830 1317 874 cum

342 920 413 983 ῖοῖο
437 938 575 1002 corpore
600 919 776 983 disturbat.
825 920 1035 1002 Quapropter
1057 918 1232 983 temulenti
1255 937 1316 1001 po-

342 1025 481 1109 pinones
505 1046 524 1090 a
548 1027 656 1090 beluis
679 1025 743 1089 nisi
760 1025 866 1108 figura
889 1045 956 1090 non
979 1025 1113 1101 distant,
1138 1024 1317 1109 inquibus

343 1152 404 1196 nec
428 1152 488 1214 pes
511 1153 572 1197 nec
595 1153 690 1197 mens
712 1153 808 1197 suum
825 1133 905 1197 satis
921 1132 1067 1198 officium
1084 1131 1170 1197 facit.
1196 1131 1318 1215 Capilli

345 1260 444 1322 saepe
468 1240 624 1322 pectendi
653 1243 750 1321 sunt,
780 1260 848 1306 non
875 1243 958 1319 tam,
989 1243 1026 1303 ut
1053 1242 1206 1323 comptus
1232 1258 1319 1322 puer

344 1346 582 1428 conspiciatur,
618 1367 719 1430 quam
746 1349 784 1410 ut
819 1347 937 1411 melius
967 1347 1086 1411 cellula
1117 1344 1318 1410 memorialis

344 1455 463 1534 valeat,
488 1453 542 1520 cui
565 1454 827 1536 pretiosissimus
851 1457 1085 1536 perceptarum
1109 1473 1221 1516 rerum
1244 1452 1319 1516 the-

346 1580 464 1624 saurus
488 1561 773 1625 commeudandus
797 1564 856 1626 est.
897 1561 965 1625 Sed
988 1561 1070 1625 haec
1093 1561 1237 1643 paucula
1260 1559 1320 1623 ad-

347 1668 517 1732 monuisse
541 1668 622 1733 satis
646 1669 698 1733 su.
747 1669 794 1732 De
822 1667 977 1750 reliquis,
1009 1667 1130 1750 quibus
1162 1666 1322 1731 memoria

346 1775 452 1839 iuvari
476 1775 592 1857 possit,
617 1774 747 1856 medici,
772 1775 799 1839 si
826 1774 931 1839 visum
954 1775 1065 1855 fuerit,
1090 1775 1319 1838 consulantur.

748 2009 834 2073 VIII.

381 2147 499 2244 Quod
521 2148 629 2218 bona
650 2148 838 2218 valetudo
862 2146 1023 2218 studere
1045 2147 1196 2217 volenti

630 2256 857 2326 necessaria
879 2259 951 2325 est.

350 2420 388 2483 In
411 2417 500 2482 omni
518 2417 705 2482 studiorum
721 2437 842 2500 genere
858 2418 946 2482 bona
962 2417 1118 2481 valetudo
1135 2415 1324 2480 necessaria

351 2529 411 2590 est.
449 2524 604 2608 Corpore
629 2524 716 2588 enim
740 2526 825 2589 male
850 2524 967 2590 affecto
996 2543 1090 2589 mens
1119 2523 1324 2606 contempla-

350 2633 431 2697 tioni
455 2633 565 2695 minus
587 2631 709 2696 idonea
725 2635 784 2695 est.
816 2632 884 2697 Sed
900 2636 937 2696 ut
953 2650 1084 2713 semper
1100 2633 1185 2695 bene
1201 2630 1325 2710 valeas,

352 2759 419 2804 non
443 2742 493 2802 est
515 2739 550 2802 in
571 2741 629 2803 tua
645 2759 746 2803 manu
763 2738 988 2803 constitutum.
1015 2738 1172 2820 CorporIs
1189 2736 1325 2816 sanitas

353 2847 634 2928 quemadmodum
658 2845 721 2910 alia
744 2847 844 2918 bona,
870 2846 922 2909 dei
946 2847 1070 2910 donum
1095 2847 1155 2925 est,
1187 2863 1267 2908 auro
1291 2846 1326 2906 et

352 2952 490 3036 gemmis
515 2955 611 3035 longe
634 2953 875 3040 praestabilius,
900 2953 964 3017 Tui
985 2955 1099 3017 tamen
1115 2951 1245 3016 arbitrii
1263 2955 1325 3030 θεῖ,

352 3060 597 3141 frugalitatem,
636 3079 722 3141 quae
760 3060 883 3125 bonam
921 3060 1147 3124 valetudinem
1185 3057 1324 3123 maxime

354 3170 512 3249 praestat,
531 3167 694 3250 amplecti.
725 3167 800 3244 Qua
817 3169 856 3232 de
873 3187 909 3230 re
926 3167 1051 3248 optime
1067 3165 1324 3249 praecipientem

355 3275 572 3340 Columellam
584 3274 611 3359 1)
627 3274 723 3339 audi:
751 3274 834 3353 „Qui
850 3294 1044 3356 magnarum
1061 3293 1172 3338 rerum
1190 3272 1326 3356 apicem,

354 3386 427 3446 tum
451 3386 484 3446 et
508 3382 693 3448 studiorum
717 3382 852 3463 gloriam
871 3381 1035 3462 attingere
1053 3382 1195 3462 quaerit,
1220 3377 1329 3444 somni

356 3489 481 3555 etvini
505 3489 806 3554 abstinentissimus
830 3488 873 3553 sit
897 3491 1044 3571 oportet,
1074 3507 1161 3570 quae
1186 3490 1329 3567 utraque

356 3596 586 3662 inimicissima
610 3600 686 3661 sunt
711 3597 910 3678 diligentiae.
936 3597 1022 3661 Nam
1047 3599 1078 3660 et
1101 3594 1233 3660 ebrioso
1250 3612 1332 3657 cura

356 3703 456 3767 officii
480 3704 607 3785 pariler
632 3725 706 3769 cum
730 3704 889 3768 memoria
913 3703 1131 3782 subtrahitur,
1156 3706 1188 3766 et
1205 3698 1330 3766 somni-

358 3811 509 3876 culosum
531 3812 677 3894 plurima
701 3811 871 3892 effugiunt.
919 3810 1007 3887 Quid
1033 3811 1122 3874 enim
1144 3809 1250 3893 possit
1274 3809 1332 3871 aut
