2960 4336
557 209 776 274 ..59-

139 386 181 450 55
228 388 280 452 vel
313 386 400 470 legat
430 387 483 452 vel
514 387 678 452 exscribat
708 390 741 451 et
770 388 806 453 id
836 389 963 471 absque
993 388 1062 453 ulla
1092 389 1195 453 inler-

228 493 383 558 missione
396 492 502 558 faoiat.
520 493 789 576 Intelligetenim,
801 495 916 576 paucis
925 496 1043 559 diebus
1055 495 1195 560 multum

228 620 264 664 se
280 601 469 682 profecisse.
510 601 582 666 Hoc
598 601 682 666 illud
705 603 802 665 sonat
819 599 991 684 Hesiodiss)
1013 621 1033 666 a
1049 600 1196 666 Guarino
1240 592 1241 595 ¹

226 707 408 773 Veronensi
433 707 479 773 sic
502 707 772 790 interpretatum:

231 815 394 894 „Parvula
418 815 446 878 si
469 817 578 879 tentes
602 815 863 898 superadiecisse
886 814 1015 896 pusillis

140 922 183 987 60
250 922 354 1003 quue
363 922 678 1004 frequensperagas
685 922 1191 1004 magnuscumulaturacervusf‘

229 1028 362 1092 Sunte
365 1030 474 1093 tduo
506 1027 587 1092 vitia
614 1027 778 1109 imprimis
806 1031 854 1092 vit
830 1027 956 1093 ‘ttanda
991 1028 1117 1109 Unum,
1152 1047 1211 1092 ne·

226 1134 393 1217 incognita
414 1154 473 1218 pro
496 1135 637 1218 cognitis
660 1135 789 1200 habeat
806 1134 919 1217 eisque
942 1137 1065 1199 temere
1082 1153 1195 1198 assen-

226 1241 339 1306 tiatur.
387 1241 483 1319 Quod
505 1243 537 1305 vi
540 1243 625 1306 tium
649 1241 793 1323 effugere
817 1242 875 1324 qui
900 1242 997 1320 volet,
1026 1240 1196 1306 adhibebit

229 1349 271 1412 ad
298 1347 555 1413 considerandas
591 1368 643 1412 res
679 1351 713 1412 et
746 1351 878 1431 tempus
913 1350 946 1412 et
981 1347 1194 1430 diligentiam.

140 1455 181 1518 65
228 1436 382 1518 Alterum
405 1457 457 1519 est
479 1454 611 1534 vitium,
648 1454 895 1537 quodquidam
919 1453 1017 1518 nimis
1040 1473 1197 1536 magnum

228 1560 373 1626 studium
396 1561 600 1643 multamque
624 1580 760 1643 operam
783 1561 819 1626 in
842 1580 895 1625 res
920 1562 1078 1626 obscuras
1096 1562 1196 1643 atque
1307 1618 1309 1626 ,

229 1666 378 1731 difficiles
418 1669 594 1733 conferunt
633 1669 833 1750 easdemque
873 1687 941 1732 non
982 1668 1195 1732 necessarias.

231 1774 374 1839 Proinde
391 1794 492 1840 cavea
494 1774 727 1852 tadolescens
752 1795 794 1838 ne
818 1775 853 1838 in
877 1772 1104 1857 praestigiosis
1128 1774 1197 1838 dia·

229 1881 421 1947 lecticorum
444 1881 666 1962 captiunculis
683 1883 715 1945 et
731 1882 847 1962 argute
864 1879 1070 1946 concinnatis
1086 1881 1198 1962 sophi-

141 1989 184 2053 70
230 1990 358 2052 starum
394 1988 572 2053 tendiculis
604 1989 749 2052 aetatem
783 2007 878 2052 suam
914 1987 1032 2070 exigat.
1092 1988 1198 2067 „Sunt

229 2095 337 2158 enim“
343 2096 405 2176 ,ut
417 2094 612 2159 Aristocles
619 2092 671 2178 ⁷)
663 2114 698 2157 1n
693 2094 786 2159 VIII
800 2093 898 2160 Polit
888 2113 1016 2159 reorum
1030 2093 1198 2159 volumine

229 2201 357 2283 scribit,
396 2201 625 2283 „equaedam
608 2201 707 2265 etiam
739 2221 779 2265 ex
814 2200 1004 2266 liberalibus
1039 2200 1198 2281 scientiis,

228 2328 312 2391 quas
355 2327 460 2391 usque
503 2309 545 2372 ad
588 2308 714 2390 aliquid
756 2309 881 2374 discere
924 2308 1102 2371 honestum
1141 2307 1198 2387 sit3

228 2414 362 2497 penitus
389 2435 468 2479 vero
503 2434 576 2478 sese
606 2414 673 2479 illis
707 2415 839 2479 tradere
869 2433 907 2480 ac
942 2414 985 2478 ad
1015 2416 1198 2479 extremum

141 2522 181 2585 75
229 2541 335 2603 usque
359 2520 516 2604 persequi
539 2521 623 2585 velle
646 2523 793 2585 mentem
815 2522 1070 2603 occupatamet
1099 2519 1199 2584 vilem

228 2627 367 2693 reddilf‘
394 2626 555 2709 Semper
545 2627 589 2708 igi
591 2629 645 2691 tur
658 2627 700 2692 ad
716 2627 850 2692 altiores
867 2626 1024 2692 scientias
1040 2629 1198 2709 properet

229 2735 375 2800 homot
341 2739 375 2799 et
388 2754 406 2798 a
419 2734 613 2798 liberalibus
626 2733 810 2814 disciplinis
823 2734 875 2797 vel
895 2733 937 2798 ad
953 2732 1199 2815 philosophiam

229 2841 280 2905 vel
305 2841 347 2905 ad
370 2839 576 2906 scientiam
567 2840 650 2904 luris
673 2839 725 2904 rel
754 2840 796 2904 ad
825 2838 1010 2905 medicinae
1041 2840 1199 2922 peritiam

230 2948 282 3012 vel
305 2947 445 3012 maxime
470 2948 512 3011 ad
535 2965 646 3011 sacras
671 2945 708 3010 lit
695 2948 798 3011 tteras
826 2950 957 3011 maturo
990 2947 1095 3028 gradu
1122 2964 1199 3010 con-

140 3055 185 3120 80
230 3055 345 3118 tendat
376 3072 453 3132 nec,
487 3054 515 3118 si
549 3053 674 3136 ubique
699 3052 885 3118 Tullianam
910 3052 1109 3135 elegantiam
1132 3071 1199 3115 non

231 3158 466 3242 deprehendat,
443 3160 557 3225 tideo
574 3159 685 3224 divina
700 3160 868 3224 volumina
886 3159 1030 3224 abiiciat
1074 3158 1196 3238 „“Nolo

229 3267 271 3330 ad
295 3267 472 3332 Paulinum
495 3266 644 3331 scribens
667 3266 775 3349 inquit
792 3263 1091 3351 Hieronymus⁸)„
1095 3264 1200 3329 offen-

230 3373 355 3438 daris
346 3393 382 3438 m
417 3373 591 3456 scripturis
623 3375 718 3438 sanct
718 3375 763 3453 is,
800 3373 957 3456 simplicit
944 3374 1013 3436 tate
1043 3375 1077 3437 et
1103 3371 1200 3454 quasi

229 3479 358 3545 vilitate
396 3480 590 3560 verborum,
636 3499 722 3561 quae
764 3480 817 3545 vel
859 3479 938 3543 vitio
976 3481 1199 3560 interpretum

139 3588 182 3654 85
229 3587 283 3651 vel
318 3569 359 3652 de
395 3585 561 3651 industria
595 3585 641 3652 sic
676 3586 806 3668 prolata
771 3588 935 3667 t‚sunt
971 3589 1008 3650 ut
1041 3585 1199 3650 rusticam

230 3694 419 3759 contionem
446 3693 575 3758 facilius
605 3695 810 3758 instruerent
844 3693 947 3757 etin
980 3713 1048 3757 una
1082 3692 1199 3756 eadem

229 3803 302 3864 sent
304 3803 360 3865 ent
361 3800 392 3866 ia
346 3800 474 3865 talit
475 3821 510 3865 er
534 3802 609 3866 doct
595 3804 660 3882 tuS,
685 3799 780 3865 aliter
803 3800 935 3864 audiret
957 3798 1144 3864 indoctusf‘
