2960 4336
712 191 933 254 ..22-

358 367 435 433 Non
457 369 556 432 homo
579 365 619 431 fit
641 365 730 447 felix,
753 367 875 432 mullas
899 367 989 450 quod
1013 367 1132 433 calleat
1155 369 1253 457 arteS,

294 496 349 579 lh)
404 494 473 558 Sed
495 492 581 558 bene
605 492 747 557 vivendo
771 494 913 576 quisque
937 493 1055 558 beatus
1079 491 1150 557 erit.

358 618 546 700 Discipulos
571 611 761 701 quicunque
785 637 864 682 suos
888 620 979 682 amat
1002 619 1035 680 et
1057 618 1142 682 berre
1167 621 1270 696 curat,

403 743 552 825 Ingenua
575 762 684 808 mores
708 743 825 807 inserit
848 743 920 808 arte
944 741 1027 825 pice.

797 1081 849 1144 VI.

716 1257 776 1326 De
800 1247 940 1326 orarii.

427 1437 527 1501 Nulla
550 1437 600 1500 vis
623 1437 697 1501 auri
721 1435 801 1501 satis
826 1439 876 1500 est
899 1437 1018 1516 avaria,

429 1561 532 1627 Plura
554 1563 615 1627 sed
639 1561 763 1644 quanto
786 1562 851 1626 sibi
875 1565 1122 1644 compararunt.

427 1685 605 1768 Appetunt
627 1689 721 1753 tanto
744 1687 931 1768 sitiuntque
954 1687 1053 1768 plura

483 1810 566 1877 Fine
588 1811 713 1877 relicto.

432 1937 580 2002 Gratiam
604 1957 672 2004 non
695 1939 767 2002 vult
790 1937 918 2002 meritis
943 1939 1078 2016 referre,

431 2061 496 2140 Qui
520 2061 619 2128 nimis
643 2082 797 2128 nummos
820 2064 909 2127 amat
933 2063 968 2126 et
991 2062 1119 2146 pudore

430 2186 567 2266 Quaerit
590 2187 721 2252 abiecto
746 2207 853 2270 neque
877 2191 974 2252 curat
996 2187 1074 2252 elmi

484 2312 614 2378 Gaudia
637 2313 755 2378 cordio.

429 2436 559 2521 Corpus
584 2440 618 2502 et
641 2441 787 2503 mentem
811 2438 972 2502 scelerata
995 2437 1110 2510 mollit,

429 2562 572 2644 Frangit,
596 2563 733 2628 enervat
755 2563 892 2645 penitus
917 2561 1037 2645 cupido

429 2686 500 2753 Nec
519 2687 604 2752 sinit
627 2686 760 2770 pulchri
783 2687 873 2752 bona
896 2688 1040 2769 cogitare

485 2812 613 2895 Inclyta
636 2811 756 2877 cordis.

433 2936 496 3003 Cui
520 2937 603 3003 nihil
626 2938 761 3021 praeter
785 2939 878 3003 lucra
900 2939 995 3002 dulce
1019 2957 1129 3014 avam,

430 3063 570 3146 Semper
594 3062 622 3128 is
646 3081 800 3130 nummos
824 3064 935 3128 animo
959 3062 1108 3142 revolvit,

430 3187 538 3265 Quam
562 3187 659 3253 iubar
682 3187 811 3255 Phoebi
834 3187 936 3268 videt,
961 3188 1111 3254 intuetur

301 3314 356 3398 16)
486 3312 622 3378 Gratius
645 3333 774 3378 aurum.
