2960 4336
539 209 760 296 „qq-

210 427 287 490 ager
311 408 464 490 quamvis
488 405 605 474 fertilis
636 407 707 473 sine
736 408 868 474 cultura
896 410 1085 474 fructuosus
1108 427 1182 474 esse

205 533 272 578 non
288 516 407 598 potest,
425 516 561 580 sicsine
578 516 730 581 doctrina
746 515 907 581 animus.“
945 515 1083 595 Deinde,
1106 535 1182 580 cum

119 621 158 686 15
206 643 226 685 a
258 621 690 707 Peripatheticistriplicia
721 623 898 688 tradantur
928 622 1034 688 bona:
1069 622 1199 704 animi,

206 727 367 809 corporis,
392 731 539 809 externa,
564 731 648 795 sciat
671 730 741 794 sola
765 729 866 794 animi
888 730 987 807 bona,
1012 749 1097 812 quae
1117 730 1182 794 vir-

206 837 295 898 tutes
312 839 346 899 et
362 837 521 900 scientiae
538 839 626 915 sunt,
643 836 769 900 homini
785 855 859 900 esse
875 839 1050 919 perpetua,
1072 837 1183 902 cetera

207 943 319 1007 autem
342 941 518 1008 mutationi
542 943 764 1025 fortunaeque
787 943 945 1020 subiecta,
971 961 1055 1026 quae
1071 944 1184 1007 tamen

210 1067 279 1114 non
295 1049 361 1113 alia
376 1050 507 1114 ratione
531 1050 660 1130 melius,
686 1070 787 1133 qnam
811 1049 1045 1133 philosophiae
1069 1048 1182 1131 cogni-

118 1157 161 1220 20
208 1156 311 1237 tione,
334 1156 397 1233 vel,
422 1156 452 1220 si
476 1156 598 1234 adsint,
627 1157 713 1221 tueri
737 1156 800 1235 vel,
830 1157 857 1220 si
883 1157 1004 1235 desint,
1035 1176 1102 1221 non
1125 1157 1183 1221 de-

208 1263 348 1328 siderari
376 1265 528 1346 possunt.
583 1264 670 1328 Tum
703 1263 802 1328 etiam
831 1283 891 1346 spe
922 1264 1057 1344 gloriae,
1086 1284 1183 1347 quae,

208 1372 246 1435 ut
268 1369 401 1456 poeta2)
432 1372 488 1451 ait,
515 1372 735 1450 „immensum
758 1372 883 1436 calcar“
914 1370 1025 1444 habet,
1054 1371 1096 1434 ad
1123 1372 1184 1436 bo-

207 1496 327 1547 narum
361 1479 484 1542 artium
519 1478 632 1544 studia
670 1477 832 1542 excitetur
871 1478 1044 1559 discatque
1082 1477 1184 1542 nullis

209 1585 347 1668 perinde
372 1585 472 1649 rebus
501 1605 539 1650 ac
567 1585 690 1649 litteris
713 1583 836 1649 famam
858 1583 1032 1666 prorogari
1048 1584 1184 1648 immor·
1249 1587 1256 1599 ‘

120 1693 161 1756 25
207 1692 377 1775 talemque
402 1691 487 1756 effici
510 1711 620 1774 posse.
660 1693 833 1756 Postremo
857 1691 1057 1769 meminerit,
1081 1711 1118 1756 se
1141 1691 1183 1756 ob

208 1799 244 1863 id
267 1803 401 1879 natum,
432 1802 479 1863 ut·
498 1800 586 1863 bene
614 1800 822 1881 honesteque
850 1799 992 1863 vivendo
1022 1800 1056 1886 et
1079 1798 1184 1880 legem

209 1906 263 1970 dei
287 1907 516 1971 conservando
539 1907 603 1971 iter
627 1905 691 1971 sibi
714 1907 809 1988 paret
831 1905 866 1968 in
890 1906 1028 1970 coelum.
1076 1905 1183 1986 Quod,

209 2013 237 2076 si
253 2013 381 2078 litteras
397 2015 538 2093 noverit,
555 2012 708 2078 facillime
725 2012 902 2077 effecturus
919 2013 978 2092 est,
1003 2013 1056 2076 sin
1073 2014 1184 2076 autem
1289 2001 1291 2004 ⁵

209 2121 365 2185 indoctus
388 2120 501 2198 fuerit,
533 2119 721 2202 periculum
747 2140 815 2184 non
844 2119 1009 2184 mediocre
1037 2118 1111 2198 erit,
1142 2137 1184 2183 ne

209 2336 252 2399 ad
274 2333 398 2398 inferos
421 2335 673 2418 praecipitetur.

636 2639 672 2702 V.

147 2796 267 2893 Quod
289 2796 481 2879 homines,
506 2795 779 2885 cuiuscunque
803 2793 1042 2865 conditionis
1066 2793 1155 2876 sint,

485 2903 638 2973 discere
663 2901 820 2973 debent.

12 2191 17 2371 ι
119 2229 162 2292 30
207 2247 282 2291 oum
306 2227 413 2292 caecis
432 2227 736 2309 insipientibusque
753 2227 943 2292 hominibus
960 2225 1032 2307 ipse
1049 2244 1184 2308 quoque

146 3105 160 3167 l
212 3102 287 3167 Dixi
319 3122 426 3185 pauca
457 3103 497 3168 de
528 3101 687 3167 scientiae
717 3100 914 3184 cupiditate,
950 3100 1010 3164 sed
1039 3118 1081 3164 ne
1110 3100 1185 3181 quis

211 3209 398 3274 litterarum
435 3229 547 3275 amore
586 3228 653 3272 non
692 3208 821 3287 ardeat,
860 3205 958 3271 latius
998 3205 1184 3288 divagabor.

211 3315 373 3380 Nonnulli
396 3315 527 3398 generis
550 3315 725 3381 nobilitate
748 3314 930 3396 gloriantur
955 3316 999 3391 et,
1025 3313 1104 3396 quia
1119 3313 1186 3378 cle-

211 3422 271 3487 rici
294 3422 397 3488 futuri
427 3443 495 3488 non
518 3425 599 3502 sint,
633 3422 762 3487 litteras
791 3423 834 3486 ad
862 3441 898 3485 se
931 3420 1013 3485 nihil
1045 3420 1185 3486 attinere

142 3532 162 3595 5
210 3531 339 3612 putant.
388 3530 456 3594 Sed
487 3529 642 3593 nesciunt
672 3529 707 3592 hi
739 3527 846 3605 stulti,
883 3527 985 3592 nullis
1014 3526 1186 3592 hominum

212 3636 326 3718 magis,
352 3657 452 3719 quam
476 3635 685 3718 principibus
709 3638 741 3699 et
764 3637 929 3699 terrarum
949 3632 1186 3715 civitatumque

211 3743 397 3808 rectoribus
426 3743 591 3824 sapientia
620 3762 705 3823 opus
736 3762 819 3806 esse.
865 3743 988 3806 Verum
1020 3741 1071 3804 est
1104 3739 1187 3805 illud

212 3853 245 3914 et
261 3852 421 3916 memoria
437 3850 678 3933 dignissimum,
703 3849 793 3932 quod
814 3848 1013 3930 Rudolphus
1031 3847 1186 3929 Langius,
