2960 4336
571 191 791 254 -35-

151 368 191 432 15
238 368 310 451 ipse
333 387 428 450 agere
451 372 509 433 aut
531 370 711 452 quicquam
728 369 896 433 dormiens
913 369 1018 435 altum
1035 371 1211 452 aegloriae

111 497 114 501 ·
237 475 376 556 plenum
388 474 567 540 meditari?
584 476 670 539 Tum
689 477 789 540 etiam
806 475 850 540 sit
863 495 883 539 a
895 476 1032 540 Veneris
1046 476 1212 542 amoribus

239 601 387 660 aversus
412 583 535 663 quibus
558 583 587 645 si
611 602 646 646 se
671 582 810 662 dederit,
835 603 903 646 non
924 583 1017 647 aliud
1033 585 1213 667 quicquam

238 687 346 769 possit
378 689 541 770 cogitare,
573 708 673 771 quam
704 689 801 769 illud,
838 690 927 772 quod
960 689 1076 772 diligit.
1128 691 1213 754 Nam

239 794 327 858 vitiis
362 795 524 859 eiusmodi
560 795 721 878 pellectus
761 794 892 860 animus
931 816 992 861 nec
1026 797 1214 880 praemium

150 904 194 966 20
238 901 429 982 iucundius,
455 922 554 984 quarn
579 901 724 966 fructum
749 900 897 966 libidinis
926 922 986 967 nec
1010 903 1213 985 supplicium

240 1007 382 1089 gravius,
408 1027 505 1090 quam
532 998 784 1073 frustrationem
808 1008 998 1091 cupiditatis
1014 1009 1210 1074 existimat.“

244 1153 281 1162 -
308 1113 470 1200 Seneca2)
494 1116 536 1179 ad
561 1114 725 1179 Lucilium
748 1115 897 1180 scribens
927 1115 974 1180 sic
1004 1117 1067 1182 ait:
1100 1116 1215 1196 ,Hanc

242 1241 316 1303 ergo
341 1242 457 1286 sanam
486 1223 519 1286 et
545 1222 714 1286 salubrem
737 1222 875 1286 formam
904 1223 993 1288 vitae
1021 1225 1150 1303 tenete,
1179 1227 1216 1287 ut

242 1330 372 1412 corpori
396 1332 527 1393 tantum
551 1328 769 1411 indulgeatis,
801 1333 962 1412 quantum
991 1332 1097 1395 bonae
1127 1331 1216 1394 rale-

153 1437 194 1499 25
241 1435 352 1500 tudini
377 1437 458 1500 satis
483 1439 544 1500 est.
570 1437 692 1500 Durius
717 1438 930 1501 tractandum
953 1441 1013 1518 est,
1038 1457 1080 1500 ue
1105 1437 1216 1501 animo

244 1544 330 1606 male
364 1547 511 1624 pareat.“
573 1543 760 1606 Imitandus
796 1545 847 1607 est
880 1544 916 1608 in
950 1544 1012 1608 hoc
1051 1545 1217 1620 Socrates

243 1670 353 1732 quem,
377 1655 415 1714 ut
432 1650 557 1715 Gellius
567 1649 595 1735 ³)
620 1650 729 1728 refert,
749 1651 990 1732 „temperantia
1005 1650 1108 1715 fuisse
1123 1652 1218 1716 tanta

243 1756 404 1821 traditum
428 1759 490 1836 est,
514 1759 552 1820 ut
575 1757 675 1821 etiam
700 1759 811 1823 omnia
834 1758 903 1821 fere
926 1757 1013 1822 vitae
1038 1778 1117 1822 suae
1134 1761 1218 1822 tem-

242 1883 327 1947 pora
354 1863 544 1928 valetudine
574 1863 738 1929 inoffensa
766 1865 894 1929 vixerit.
942 1866 981 1928 In
1003 1864 1093 1929 illins
1117 1865 1219 1929 etiam

155 1971 199 2034 30
245 1970 455 2052 pestilentiae
479 1971 641 2048 vastitate,
667 1991 752 2053 quae
773 1973 809 2035 in
830 1972 917 2036 bello
935 1972 1217 2055 Peloponnesiaco

246 2077 397 2158 apprime
414 2077 522 2159 ipsam
538 2077 792 2142 Atheniensium
818 2077 988 2142 civitatem
1011 2077 1217 2142 interneciuo

245 2203 364 2264 genere
387 2185 496 2248 morbi
521 2185 720 2267 depopulata
737 2189 797 2264 est,
820 2184 848 2248 is
865 2185 1024 2269 parcendi
1041 2186 1216 2249 moderan-

246 2290 346 2372 dique
370 2291 555 2355 rationibus
581 2290 699 2355 dicitur
728 2294 763 2354 et
791 2312 810 2354 a
833 2291 1041 2373 voluptatum
1065 2292 1139 2356 labe
1163 2311 1218 2355 ca-

245 2398 332 2461 visse
356 2400 389 2462 et
413 2397 627 2462 salubritates
652 2397 801 2480 corporis
825 2398 1013 2476 retinuisse,
1037 2401 1074 2462 ut
1091 2418 1217 2481 nequa-

158 2505 198 2568 35
244 2524 344 2585 quam
367 2504 467 2569 fuerit
491 2503 658 2569 communi
683 2504 831 2568 omnium
854 2505 939 2569 cladi
963 2504 1157 2570 obnoxius“.

664 2737 716 2800 IX.

158 2873 277 2970 Quod
299 2876 509 2946 mediocris
533 2876 703 2946 facultas
724 2876 962 2946 scholastico
979 2877 1131 2965 optima
1146 2881 1219 2947 est.

185 3041 198 3103 1
250 3038 294 3101 Ut
317 3037 437 3102 litteris
459 3057 578 3102 uacare
600 3037 674 3119 quis
690 3037 807 3120 possit,
832 3058 944 3102 rerum
960 3036 1222 3102 necessariarum

249 3145 407 3209 facultate
439 3163 524 3226 opus
556 3144 665 3209 habet.
720 3144 797 3210 Non
826 3145 915 3209 enim
946 3146 1117 3209 commode
1149 3143 1222 3208 lieri

249 3253 371 3332 potest,
395 3256 433 3315 ut
457 3250 609 3333 quaestui
634 3252 732 3317 homo
757 3251 917 3316 inserviat
941 3254 976 3315 et
999 3252 1097 3316 simul
1113 3251 1223 3334 philo·

250 3357 386 3440 sophiae
399 3359 520 3423 studiis
532 3358 712 3424 incumbat.
739 3360 926 3423 Prudenter
939 3359 1029 3441 apud
1041 3359 1223 3442 Aegyptios

169 3465 203 3532 25
252 3484 331 3546 gens
355 3466 626 3547 presbyterorum
649 3464 774 3530 habitis
798 3465 885 3530 ritae
902 3465 1097 3532 necessariis
1114 3465 1224 3548 philo-

255 3571 390 3654 sophari
423 3571 549 3654 coepit,
581 3571 747 3654 siquidem
776 3576 809 3637 et
837 3571 969 3654 sapiens
999 3576 1032 3637 et
1060 3572 1166 3637 iustus
1191 3576 1224 3638 et

253 3678 353 3742 ceteri
383 3680 484 3742 rebus
513 3679 565 3743 his
597 3679 761 3760 indigent,
797 3698 881 3761 quae
909 3679 1118 3744 necessariae
1147 3683 1224 3744 sunt

188 3837 190 3843 .
253 3785 295 3849 ad
320 3785 431 3850 vitarn.
456 3786 499 3852 nt
522 3787 559 3850 ut
582 3784 661 3850 alibi
681 3785 769 3850 idern
785 3784 983 3850 Aristoteles
1000 3785 1092 3850 dicit:
1119 3786 1224 3865 „Fieri

1014 3927 1056 3994 3·
