2960 4336
687 197 899 258 ..228-

736 425 853 489 XVIII.

655 582 719 652 Ad
741 581 930 652 Brullum.

329 747 528 828 Lanigerum
550 745 651 811 tonde
674 764 787 827 pecusy
812 749 846 809 at
870 746 1048 826 deglubere
1072 745 1154 823 noli3

264 871 301 953 X)
375 871 457 935 FIne
481 871 645 952 modoque
670 890 785 934 carens
810 871 907 935 laude
930 872 963 934 et
986 870 1112 933 honore
1136 870 1242 934 vacat.

754 1102 836 1167 XIX.

661 1241 725 1311 Ad
748 1241 929 1311 eundem.

330 1389 364 1452 Si
390 1408 452 1465 me,
476 1387 602 1465 Brulle‚
626 1387 721 1469 cupis
745 1387 917 1450 mordaces
940 1404 1066 1467 ponere
1090 1405 1217 1466 versus

374 1511 424 1575 Ne
449 1532 501 1575 me
525 1511 726 1576 ronchisono
751 1511 959 1574 rhinocerote
985 1512 1072 1575 nota.

330 1638 471 1702 Possum
495 1637 651 1718 equidem
674 1636 785 1701 laesus
809 1636 989 1718 genuinum
1019 1633 1155 1718 infigere
1181 1636 1325 1716 dentem,

263 1761 299 1844 4)
375 1762 442 1826 Sed
464 1761 560 1845 parvi
580 1781 707 1826 sannas
731 1761 878 1841 aestimo,
902 1761 1026 1840 Brulle‚
1051 1763 1136 1826 tuas.

329 1886 371 1950 Ni
395 1890 428 1950 te
451 1887 649 1969 prodideris
673 1887 849 1950 traducere
872 1886 949 1950 noto
971 1906 1033 1969 per
1056 1888 1188 1966 urbem3

373 2011 450 2077 Non
473 2011 610 2094 elephas
634 2012 773 2075 culicem
798 2010 946 2076 conterit.
994 2012 1070 2093 Ipse
1092 2011 1182 2075 tace!

330 2137 442 2201 Pelleo
464 2137 577 2200 iuveni
602 2155 685 2218 quos
709 2156 765 2200 rex
790 2135 962 2200 donaverit
985 2135 1073 2215 olim,

265 2263 301 2346 8)
376 2261 499 2326 Albani
523 2261 637 2326 damas
661 2280 729 2326 non
752 2262 881 2343 petiere
906 2280 1014 2326 canes.

760 2493 825 2557 XX.

583 2633 643 2703 De
667 2632 808 2721 culpae
833 2634 1002 2703 conscio.

329 2781 451 2860 Verum
476 2799 584 2854 nemo,
608 2777 673 2841 nisi
698 2777 815 2859 culpae
840 2778 883 2841 sit
907 2778 1069 2858 conscius,
1094 2779 1164 2842 odit

264 2907 299 2988 X)
375 2905 485 2968 Verba
508 2903 588 2968 facit
610 2903 689 2966 iusti
715 2905 825 2966 mente
850 2902 960 2967 aliena
983 2903 1051 2985 pili.

752 3135 835 3200 XXI.

377 3277 516 3372 Qualis
540 3277 660 3347 debet
683 3295 771 3346 esse
794 3281 1101 3365 praeceptorum
1123 3277 1213 3348 vita.

330 3423 407 3487 Vita
430 3422 647 3502 magistorum
671 3420 762 3484 vitiis
786 3421 929 3484 obnoxia
953 3420 1065 3497 nullis

375 3547 589 3629 Archetypon
613 3546 699 3610 vitae
724 3545 765 3610 sit
789 3547 1029 3629 speculumque
1054 3546 1137 3628 piae.

332 3673 398 3738 Sed
422 3671 500 3754 quia
523 3692 615 3735 more
639 3671 725 3736 malo
749 3690 829 3735 suus
853 3671 1008 3735 omnibus
1032 3670 1152 3736 insitus
1177 3691 1268 3736 error

237 3806 244 3816 '⁴
264 3800 301 3882 4)
376 3797 418 3861 Et
441 3797 525 3862 citra
548 3797 683 3878 culpam
705 3796 759 3860 rix
783 3796 948 3878 reperitur
971 3795 1095 3886 home„
