2960 4336
564 199 785 268 ...Ῑ5...

142 377 347 459 impressum
370 378 551 462 aliquando
574 382 684 446 visum
706 401 780 446 esse
803 381 940 464 alicubi,
972 404 1042 449 rem
1066 405 1133 450 non
1156 386 1208 468 in-

142 485 269 565 gratam
286 506 393 568 neque
409 486 637 568 infrugiferam
654 489 820 553 facturum
836 509 889 554 me
906 490 1073 557 studiosae
1090 492 1208 558 iuven-

142 591 205 655 tuti
230 592 443 675 existimavi„
463 593 490 658 si
521 593 626 658 veluti
655 596 695 660 de
724 595 792 660 vita
820 597 986 662 sublatam
1009 599 1208 664 reviviscere

142 701 286 765 tacerem
297 701 467 782 publicato
484 721 523 766 eo
538 702 625 785 typis
642 703 754 768 fratris
766 704 842 781 mei,
860 704 997 770 Henrici
1009 707 1203 788 Mammam,

142 827 182 870 ex
211 807 391 890 exemplari
421 809 686 891 manuscripto,
721 811 756 874 in
788 812 877 892 qnod
910 832 1019 895 nuper
1048 812 1206 878 Coloniae

142 915 232 997 apud
263 915 324 978 Dn.
359 914 529 980 Simonem
557 915 637 980 Buff
663 918 971 982 Randelradensem
1001 919 1206 986 Canonicum

144 1023 177 1086 et
216 1021 454 1086 scholasterem
493 1025 526 1089 S.
567 1023 696 1107 Georgii
739 1025 883 1090 amicum
927 1029 1078 1091 nostrum
1121 1028 1206 1094 forte

141 1127 331 1192 incidimus.
379 1130 496 1213 Neque
520 1129 609 1194 enim
633 1131 909 1197 committendum
932 1133 1058 1214 putavi,
1083 1136 1119 1198 ut
1142 1136 1207 1200 uti-

142 1235 292 1300 lissimus
308 1237 408 1300 huius
426 1236 530 1300 libelli
547 1237 676 1302 fructus
698 1239 856 1303 studiosis
878 1239 1051 1321 discipulis
1068 1261 1206 1323 prorsus

142 1343 321 1424 deperiret,
345 1348 564 1428 posteaquam
582 1364 747 1427 nusquam
761 1351 892 1410 exstare
909 1348 1111 1428 exemplaria
1127 1369 1207 1412 eon-

29 1459 31 1464 ’
142 1451 254 1514 staret,
303 1451 389 1514 Nam
419 1451 515 1515 valde
551 1451 720 1516 iuventuti
754 1452 868 1517 utilem
904 1456 937 1516 et
968 1456 1204 1538 necessarium,

141 1559 212 1619 tum
236 1576 371 1638 quoque
396 1560 429 1621 et
452 1559 535 1639 ipsis
551 1560 832 1642 praeceptoribus
861 1579 927 1624 non
958 1560 1205 1628 incommodum

140 1661 209 1728 fore
235 1665 302 1728 vidi
326 1684 469 1746 eumque
494 1666 634 1744 advos,
664 1666 794 1731 colendi
822 1669 855 1730 et
878 1668 1078 1733 observandi
1104 1670 1204 1735 Prae·

140 1772 304 1852 ceptores‚
325 1775 537 1855 vestramque
548 1774 756 1838 iuventutem
771 1773 979 1856 dirigendum
993 1775 1205 1857 potissimum

142 1877 233 1955 duxi,
266 1881 302 1942 ut
326 1878 446 1960 quibus
471 1879 567 1942 lruius
591 1899 685 1944 meae
713 1881 749 1943 in
777 1901 813 1945 re
841 1881 1000 1946 litteraria
1029 1885 1142 1947 curtae
1166 1903 1204 1948 ac

141 1983 251 2048 tenuis
290 1985 503 2068 supellectilis
542 1987 664 2051 bonam
703 1989 834 2069 partem
871 1993 1047 2071 acceptum
1082 1991 1203 2054 referre

140 2091 254 2156 debeo.
310 2092 480 2157 Tractavit
511 2095 545 2157 et
574 2093 719 2159 carmine
751 2093 820 2158 fere
850 2093 940 2160 idem
969 2099 1203 2177 argumentum

13 2236 17 2278 3
139 2198 357 2277 Murmellius‚
383 2200 473 2281 quod
502 2201 584 2265 alias
613 2201 845 2282 adiungemus:
877 2221 965 2266 nunc
995 2203 1084 2267 enim
1113 2223 1203 2268 com-

137 2305 237 2370 modo
260 2305 334 2370 fieri
357 2325 424 2370 non
446 2306 586 2389 potuit.“
612 2345 656 2353 —

228 2413 295 2476 Das
322 2418 507 2492 „carmen“,
530 2415 673 2479 welches
689 2416 899 2480 Mameranus
916 2436 969 2480 am
986 2417 1123 2481 Scbluss
1142 2419 1203 2482 der

139 2520 360 2601 mitgeteilten
395 2521 491 2586 Satze
530 2522 695 2602 erurehnt,
735 2521 811 2586 sind
849 2523 936 2586 ohne
976 2523 1109 2590 Zweifel
1147 2523 1201 2589 die

141 2627 408 2708 „Epigrammata
447 2630 488 2693 de
522 2628 672 2712 magistri
706 2631 740 2694 et
775 2629 1015 2711 discipulorum
1050 2629 1200 2696 officiis“.

138 2735 222 2798 Dass
248 2735 457 2799 Mameranus
475 2736 594 2818 jemals
619 2736 693 2800 eine
709 2736 864 2818 Ausgabe
889 2737 1063 2801 derselben
1087 2738 1202 2819 herge-

138 2842 228 2906 stellt
251 2843 319 2920 hat,
333 2844 387 2907 ist
410 2843 504 2907 nicht
527 2844 682 2908 bekannt.
712 2881 753 2891 -
784 2844 845 2909 Die
869 2845 1014 2909 Vorrede
1037 2849 1125 2928 tragt
1149 2846 1201 2911 die

139 2949 378 3014 Untersehrift:
413 2950 583 3032 Augustae
613 2950 774 3015 Rheticae
805 2969 846 3014 ex
875 2950 1083 3016 Cancellaria
1113 2971 1198 3017 caes
1295 2951 1296 2956 ’

137 3060 254 3121 octava
278 3058 404 3122 calend.
429 3058 564 3141 Aprilis,
589 3058 688 3124 Anno
712 3062 731 3121 a
755 3057 909 3136 restituta
933 3060 1058 3123 mundo
1082 3059 1199 3140 salute,

140 3164 234 3227 1551.
259 3200 303 3208 ——

225 3257 318 3335 llber
341 3273 407 3337 den
431 3273 551 3337 letzten
575 3273 683 3337 Druck
711 3275 755 3338 ist
783 3294 837 3339 am
860 3272 1046 3356 wenigsten
1070 3274 1200 3338 nuum-

137 3377 241 3442 liches
264 3399 306 3442 zu
329 3399 438 3461 sagen.
486 3381 571 3444 Dem
594 3380 737 3445 Streben
760 3379 1003 3445 Vastelabends
1028 3380 1102 3444 eine
1125 3401 1200 3445 ver-

135 3485 286 3549 besserte
303 3485 458 3568 Ausgabe
482 3487 714 3567 herzustellen,
739 3485 859 3551 wollen
882 3486 943 3549 wir
967 3486 1083 3566 gewiss
1108 3488 1200 3552 nieht

136 3610 258 3655 unsere
282 3591 531 3674 Anerlrennung
553 3613 723 3676 versagen,
748 3593 806 3657 der
827 3592 911 3658 Text
934 3591 1088 3658 bedurlte
1112 3595 1199 3659 wohl

135 3698 230 3763 einer
251 3698 550 3780 durchgreifenden
567 3699 752 3780 Correktur,
778 3700 857 3764 aber
882 3699 940 3764 der
965 3700 1199 3782 Herausgeber

134 3805 193 3870 bat
224 3806 326 3874 ,einen
360 3805 509 3872 falschen
543 3807 625 3888 Weg
661 3807 922 3888 eingeschlagen.
968 3806 1108 3871 Austatt
1143 3805 1197 3872 die
