2960 4336
710 195 931 269 ..46-

292 384 333 448 10
377 382 558 446 Alexandri
589 381 672 447 Galli
686 381 709 463 ¹)
740 401 856 446 versus
885 382 1220 466 interpretationibus
1252 385 1353 448 disci-

377 490 475 572 pulos
512 489 678 569 detineat,
714 489 773 571 qui
808 490 914 555 multo
949 490 1154 554 commodius
1189 491 1353 573 longeque.

379 595 495 660 maiori
519 597 707 660 studiorum
736 597 842 678 gratia
872 597 994 678 regulis
1024 599 1247 678 grammaticis
1275 599 1354 663 bre-

377 705 462 768 viter
485 703 689 767 transmissis
719 703 754 766 in
781 702 939 768 Bucolico
968 703 1105 786 Vergilii
1129 704 1276 770 carmine
1299 706 1353 769 vel

378 811 550 876 comoedia
573 809 686 892 aliqua
707 809 819 875 Plauti
838 829 898 874 seu
915 811 1063 875 Terentii
1079 812 1132 876 vel
1149 812 1185 875 in
1202 811 1354 894 epistolis

293 919 332 983 15
380 919 561 1000 dialogisve
574 917 616 981 M.
633 916 735 980 Tullii
751 919 786 980 et
799 917 974 982 verborum
988 917 1191 999 significatus
1204 919 1354 982 ediscere

380 1027 413 1089 et
436 1044 535 1089 verae
559 1025 777 1106 sinceraeque
795 1024 967 1088 Latinitali
991 1044 1182 1090 assuescere
1205 1030 1354 1108 possent.

380 1131 470 1210 Quin
482 1132 592 1213 potius
606 1130 789 1195 ambitiosis
806 1131 901 1196 utilia
913 1133 1077 1214 praeferat
1095 1135 1137 1212 et,
1152 1134 1230 1197 dum
1245 1134 1355 1198 adhuc

380 1238 477 1303 rudia
499 1237 655 1302 tractabit
678 1239 821 1320 ingenia,
850 1259 917 1302 non
942 1239 1052 1303 statim
1077 1244 1192 1304 oneret
1214 1241 1357 1306 infirmi-

381 1349 483 1411 tatem
507 1345 721 1421 disccntium‚
755 1346 814 1409 sed
842 1348 1007 1429 temperet
1036 1346 1124 1410 vires
1155 1367 1233 1412 suas
1257 1351 1289 1412 et
1313 1350 1358 1412 ad

295 1455 337 1518 20
382 1453 588 1517 intellectum
612 1453 820 1517 audientium
845 1455 1035 1518 descendat.
1067 1455 1152 1518 Nam
1168 1458 1205 1518 ut
1221 1456 1358 1520 vascula

382 1560 449 1623 oris
472 1561 604 1642 angusti
629 1560 839 1642 superfusam
863 1561 1011 1624 humoris
1035 1562 1164 1643 copiam
1182 1564 1355 1644 respuunt,

383 1667 507 1731 sensim
538 1669 651 1731 autem
682 1667 901 1731 influentibus
932 1668 984 1731 vel
1021 1667 1120 1732 etiam
1151 1667 1358 1733 stillantibus

384 1774 602 1856 complentur,
628 1775 674 1837 sic
699 1774 801 1838 animi
824 1793 1002 1855 puerorum
1024 1776 1187 1856 quantum
1202 1775 1359 1856 excipere

384 1881 525 1963 possint,
549 1881 731 1944 videndum
747 1879 832 1965 esu)
854 1881 1108 1964 parendumque
1126 1880 1264 1947 Horatio
1273 1882 1301 1964 3)
1322 1882 1359 1946 in

297 1989 338 2053 25
386 1991 457 2052 arte
481 1986 614 2069 poetica
637 1989 684 2051 sic
708 1988 916 2052 admonenti:

433 2093 624 2176 „Quidquid
647 2094 842 2177 praecipies,
873 2097 945 2159 esto
968 2096 1096 2175 breviS,
1121 2097 1157 2159 ut
1181 2096 1247 2162 cito
1272 2095 1361 2160 dicta

431 2199 621 2282 Percipiant
645 2200 747 2265 animi
772 2201 897 2264 dociles
920 2202 1124 2282 teneantque
1148 2201 1280 2281 fideles3

430 2307 536 2371 Omne
560 2325 804 2390 supervacuum
826 2309 926 2390 pleno
949 2308 990 2372 de
1013 2309 1146 2389 pectore
1169 2311 1311 2372 manat.“

386 2414 453 2478 Sed
476 2434 537 2478 nec
554 2415 634 2479 satis
651 2416 711 2492 est,
733 2414 929 2494 magistrum
947 2414 1128 2497 discipulos
1145 2435 1222 2480 suos
1241 2416 1361 2480 docere

299 2524 341 2587 30
388 2521 533 2596 litteras,
565 2520 628 2584 nisi
657 2520 853 2603 disciplinae
883 2522 1059 2585 severitate
1089 2521 1359 2586 convenientium

387 2648 521 2711 quoque
544 2628 586 2691 ad
610 2647 646 2690 se
676 2647 785 2692 mores
817 2627 1040 2692 adstrinxerit.
1090 2629 1227 2707 „Sumat
1259 2629 1362 2710 igitur

387 2738 463 2800 ante
487 2735 599 2799 omnia
622 2733 771 2816 parentis
794 2755 871 2816 erga
895 2734 1077 2816 discipulos
1107 2755 1184 2799 suos
1212 2735 1361 2800 animum

387 2864 425 2908 ac
450 2842 628 2906 succedere
658 2861 693 2905 se
722 2842 758 2905 in
788 2861 903 2906 eorum
931 2843 1055 2920 locum,
1091 2863 1110 2906 a
1139 2842 1262 2923 quibus
1296 2842 1363 2906 sibi

387 2948 483 3014 liberi
505 2950 690 3030 tradantur,
715 2949 889 3013 existimet.
938 2950 1014 3031 lpse
1042 2969 1103 3013 nec
1132 2950 1255 3014 habeat
1282 2949 1363 3013 vitia

301 3059 342 3123 35
388 3077 449 3122 nec
474 3058 569 3121 ferat.
596 3057 672 3121 Non
693 3057 868 3119 austeritas
885 3057 955 3120 eius
972 3055 1090 3135 tristis
1114 3075 1182 3119 non
1199 3056 1364 3120 dissoluta

390 3164 431 3228 sit
448 3163 595 3243 comitas
613 3183 655 3227 ne
671 3163 749 3227 inde
765 3163 889 3242 odium,
907 3163 983 3228 hinc
1000 3166 1212 3244 contemptus
1225 3162 1362 3228 oriatur.

390 3271 558 3336 Plurimus
588 3271 617 3334 ei
649 3272 689 3335 de
718 3270 859 3334 honesto
888 3289 925 3334 ac
954 3272 1043 3334 bono
1067 3289 1176 3334 sermo
1201 3271 1245 3333 sit
1276 3269 1363 3334 Nam

390 3398 455 3462 quo
472 3377 606 3460 saepius
624 3378 800 3454 monuerit,
817 3377 880 3441 lroc
897 3377 1003 3442 rarius
1020 3377 1202 3460 castigabit.
1227 3377 1364 3441 Minime

391 3485 581 3564 iracundus,
595 3505 662 3550 non
675 3489 788 3548 tamen
800 3503 925 3561 eorum,
938 3503 1024 3566 quae
1038 3484 1245 3548 emendanda
1253 3486 1365 3563 erunt,

302 3593 347 3660 40
391 3593 628 3672 dissimulator,
654 3591 795 3674 simplex
818 3591 854 3654 in
878 3592 1038 3672 docendo,
1067 3591 1200 3674 patiens
1228 3590 1365 3670 laboriS,

392 3699 547 3765 assiduus
571 3700 692 3781 potine,
719 3718 820 3780 quam
844 3699 1051 3776 immodicus
1081 3697 1366 3779 interrogantibus

392 3805 535 3874 libenter
559 3807 770 3887 respondeat,
794 3825 861 3870 non
885 3805 1125 3887 interrogantes
1148 3804 1367 3886 percontetur
