2960 4336
558 223 779 286 “33-

228 401 314 483 siqui
348 400 483 465 omnino
517 399 678 464 indociles
718 402 751 462 et
785 399 965 463 monstrosi
1000 397 1083 473 sint,
1124 418 1200 462 sues

230 508 417 590 capellasve
441 510 580 590 pascant
604 510 644 570 et‘
661 505 844 588 sapientiae
868 504 979 569 studia
1008 504 1200 570 melioribus

228 615 365 694 cedant3
396 633 513 678 uerum
540 614 645 696 siquis
674 613 774 696 paulo
805 611 974 691 hebetior,
1006 610 1200 692 disciplinae

229 727 341 787 tamen
365 740 468 804 capax
492 721 557 800 est,
591 739 629 784 eo
662 720 725 783 sibi
753 719 829 801 plus
857 737 977 802 operae
1009 718 1044 782 in
1072 719 1201 783 litteras

140 831 183 894 30
229 828 490 912 impendendum
504 827 586 891 sciat
603 828 636 890 et
652 825 810 889 continua
825 825 947 890 mentis
965 826 1201 890 exercitatione

230 936 400 1016 ingenium
424 953 522 999 suum
546 936 692 998 exacuat.
724 933 820 1013 Nam,
846 936 881 997 ut
906 933 1035 997 Plinius
1057 931 1202 1019 iunior5)

232 1041 450 1107 disertissime
474 1039 597 1119 scribit,

234 1149 298 1228 „Ut
321 1149 393 1212 laus
418 1151 597 1227 estserae,
622 1146 730 1210 mollis
755 1148 943 1229 cedensque
967 1152 1125 1231 sequatur

277 1255 312 1320 Si
336 1256 449 1319 doctos
474 1254 593 1336 digitos
616 1254 773 1335 iussaque
796 1253 856 1319 fiat
879 1273 963 1336 opus

144 1365 185 1426 35
232 1363 274 1426 Et
297 1381 386 1425 nunc
410 1361 567 1425 informet
591 1361 730 1425 Martem
754 1364 920 1426 castamve
943 1361 1136 1442 Minervam,

277 1469 374 1533 Nunc
398 1470 561 1532 Venerem
585 1467 729 1549 effingat,
754 1487 843 1531 nunc
867 1469 1005 1532 Veneris
1028 1488 1179 1550 puerum,
1264 1493 1265 1496 ¹

231 1575 342 1658 thue
366 1575 451 1640 sacri
474 1575 584 1639 fontes
608 1594 673 1640 non
699 1575 770 1639 sola
792 1574 947 1640 incendia
970 1575 1099 1650 sistunt,

277 1684 386 1765 Saepe
410 1682 510 1747 etiarn
532 1683 632 1746 flores
655 1701 824 1764 vernaque
849 1685 947 1763 prata
970 1683 1097 1748 lavant:

147 1811 151 1818 ·
233 1789 288 1854 Sic
311 1789 485 1854 hominum
509 1788 676 1871 ingenium
701 1789 791 1853 flecti
815 1790 957 1872 ducique
981 1809 1041 1871 per
1065 1793 1154 1854 artes

141 1899 186 1962 40
277 1897 352 1961 Non
375 1896 497 1977 rigidas
523 1897 619 1961 docta
642 1895 825 1961 mobilitate
850 1897 977 1962 decet.“

231 1994 320 2067 'illud
336 2002 436 2067 etiarn
454 2002 589 2066 minime
606 2004 945 2084 praetermittendum
961 2024 1090 2084 consec,
1116 2005 1205 2088 quod

235 2111 277 2174 ad
290 2109 489 2174 litterarium
498 2109 683 2190 profectum
692 2109 864 2192 religiosus
873 2112 1028 2192 optimae,
1043 2111 1204 2175 maximae

137 2285 142 2294 ,
233 2216 377 2298 Virginis
399 2217 459 2281 Dei
484 2215 597 2280 Matris
621 2216 740 2296 cultus,
764 2218 820 2300 pia
844 2237 975 2299 quoque
1000 2216 1204 2300 Hieronymi,

234 2322 435 2388 Catharinae
448 2322 654 2405 aliorumque
672 2324 824 2388 diuorum
839 2325 1008 2389 veneratio
1024 2324 1205 2406 plurimum

143 2431 186 2494 45
234 2430 372 2494 confert.
403 2429 501 2507 Quod
524 2430 614 2494 enim
637 2430 761 2494 homini
784 2451 844 2512 per
867 2430 992 2513 ingenii
1014 2433 1206 2496 tarditatem

234 2556 353 2620 capere
376 2557 444 2602 non
468 2535 554 2616 licet,
579 2556 693 2601 eorum
717 2537 882 2619 suffragiis
906 2538 1103 2621 plerumque
1127 2558 1205 2602 con-

235 2644 396 2725 sequitur.

642 2840 712 2904 VII.

458 2997 518 3067 De
541 2999 734 3068 memoria
755 2999 896 3068 tenaci.

174 3199 186 3260 l
236 3196 494 3278 Disciplinarum
517 3200 695 3280 praecepta
718 3199 880 3279 accipere,
905 3197 970 3261 nisi
992 3197 1027 3261 in
1050 3198 1208 3262 memoria

236 3303 393 3382 retineas,
417 3303 541 3367 nullius
565 3323 646 3368 usus
670 3307 729 3369 est.
779 3304 895 3369 Solent
926 3307 1036 3368 autem
1068 3304 1125 3387 qui
1154 3325 1208 3370 ca-

236 3409 328 3492 pacis
345 3409 469 3492 ingenii
486 3414 573 3488 sunt,
598 3410 708 3474 minus
725 3411 833 3475 valere
851 3411 1008 3476 memoria
1025 3413 1207 3495 contraque

237 3516 295 3598 qui
310 3537 428 3598 magno
446 3517 558 3581 labore
576 3516 719 3592 discunt,
737 3516 861 3582 diutius
878 3517 912 3581 in
928 3521 1040 3582 mente
1053 3520 1208 3599 retinere,

170 3622 190 3685 5
237 3623 338 3687 veluti
363 3624 472 3688 mollis
496 3623 603 3706 liquor
632 3625 776 3706 sigillum
803 3625 958 3689 facillime
986 3624 1119 3708 recipit,
1150 3628 1209 3692 sed

237 3729 272 3793 id
306 3731 466 3794 continuo
501 3731 671 3810 exolescit,
711 3751 827 3794 saxum
861 3751 940 3794 vero
976 3733 1071 3796 notas
1106 3734 1209 3797 semel

237 3835 421 3918 insculptas
446 3857 512 3900 non
537 3837 598 3902 nisi
623 3838 726 3900 nimia
749 3839 915 3903 vetustate
940 3838 1072 3903 amittit.
1120 3839 1209 3904 Ante

1000 3981 1019 4044 3
