2960 4336
693 205 913 268 ..pss-

365 379 393 444 si
417 380 516 445 modo
539 382 630 444 recte
652 378 806 444 instituta
830 380 888 460 sit,
919 400 1042 463 pueros
1072 381 1183 446 doceri
1211 363 1332 447 credat.

274 487 315 551 ‘10
358 487 584 564 Quamobrem
607 487 649 552 de
673 507 712 556 ea
735 507 771 552 re
794 487 891 569 plura
916 480 1026 553 dicere
1050 490 1275 572 supersedebo
1300 491 1334 554 et

359 594 396 658 in
419 613 486 676 qua
509 595 616 658 aetate
641 594 772 659 scholae
796 593 1008 677 mancipandi
1031 596 1108 676 sint,
1133 595 1191 660 ubi
1208 596 1333 677 dixero,

360 721 446 785 quae
482 700 677 766 scholastico
712 701 892 784 unicuique
927 702 1114 767 necessaria
1148 702 1333 784 videantur,

359 807 475 891 paucis
498 809 645 890 eloquar.
678 809 765 874 Sunt
782 828 859 892 ergo
876 828 896 872 a
912 808 1058 892 pueritia
1072 809 1169 874 bonis
1185 809 1333 875 moribus

361 918 394 978 et
429 915 616 979 litterarum
650 915 771 980 studiis
808 915 1070 998 assuefaciendi,
1107 919 1185 982 dum
1220 917 1333 983 faciles

251 1021 313 1086 '15
361 1022 462 1086 animi
486 1023 655 1101 iuvenum,
680 1023 759 1087 dum
783 1022 915 1088 mobilis
938 1026 1039 1088 aetas
1087 1023 1173 1088 Nam
1197 1025 1235 1088 ut
1257 1023 1333 1107 phi-

361 1119 755 1211 losophus'veracissime
780 1129 878 1195 dicit:
905 1130 1000 1210 „Non
1023 1151 1152 1214 parurn,
1176 1132 1235 1196 sed
1257 1131 1334 1214 plu-

362 1235 497 1315 rimum,
528 1236 612 1320 quin
639 1238 751 1320 potius
775 1239 885 1302 totum
908 1239 1025 1318 refert,
1056 1237 1105 1302 sic
1128 1257 1170 1302 an
1194 1256 1262 1300 non
1284 1237 1335 1302 sic

361 1344 511 1408 homines
551 1343 775 1409 adolescentia
813 1348 1064 1410 consuescant.“
1127 1345 1169 1409 ut
1207 1344 1334 1430 Mar01)

359 1454 490 1516 noster:

274 1559 318 1622 20
405 1558 580 1638 ...„Adeo
603 1559 640 1623 in
662 1559 786 1633 teneris
810 1579 1028 1624 consuescere
1050 1560 1190 1624 multum
1214 1560 1292 1624 est.“

362 1665 533 1747 Satyricus
557 1665 659 1731 etiam
682 1665 833 1750 poeta2):

364 1771 457 1849 ,Quo
480 1773 582 1837 semel
606 1777 659 1838 est
681 1774 810 1838 imbuta
832 1793 950 1838 recens
974 1773 1120 1838 servabit
1142 1765 1278 1840 odorem

361 1879 464 1944 Testa
487 1879 574 1945 diu.“

423 1987 465 2051 Et
489 1985 623 2073 alius³):

273 2092 315 2157 25
365 2093 571 2172 „Plurimum
588 2093 678 2159 enim
692 2093 857 2176 intererit,
878 2094 1000 2177 quibus
1017 2096 1146 2160 artibus
1163 2095 1196 2158 et
1211 2093 1332 2178 quibus

1076 2203 1166 2267 hunc
1189 2205 1227 2267 tu

406 2307 554 2373 Moribus
577 2307 744 2374 instituas
791 2310 954 2393 Serpente
977 2307 1105 2374 ciconia
1127 2309 1236 2392 pullos

407 2414 521 2479 Nutrit
545 2417 578 2479 et
601 2415 736 2480 inventa
758 2437 818 2500 per
843 2417 938 2481 devia
960 2435 1037 2480 rura
1060 2417 1199 2495 lacerta3

405 2521 457 2586 Illi
481 2522 597 2587 eadem
621 2523 762 2604 sumptis
786 2527 953 2606 quaerunt
977 2523 1134 2589 animalia
1157 2522 1306 2620 pennisf‘

272 2631 315 2694 30
360 2629 405 2694 Ut
427 2629 507 2693 item
532 2627 757 2707 Quintilianus
767 2628 796 2716 4)
821 2630 1008 2696 doctissime
1033 2631 1150 2695 sentit:
1185 2631 1333 2711 „Natura

360 2735 564 2802 tenacissimi
599 2757 714 2802 sumus
750 2757 880 2818 eorum,
916 2758 1003 2821 quae
1039 2737 1178 2802 rudibus
1213 2738 1333 2802 animis

360 2845 578 2927 percepimus,
603 2846 641 2908 ut
658 2864 765 2928 sapor,
790 2864 856 2926 quo
877 2865 964 2910 nova
984 2844 1127 2923 imbuas,
1152 2846 1250 2910 durat
1273 2864 1335 2908 nec

360 2951 512 3015 lanarum
529 2951 666 3030 colores,
690 2950 813 3033 quibus
832 2950 971 3032 simplex
982 2950 1037 3015 ille
1050 2951 1173 3016 candor
1186 2953 1334 3016 mutatus

360 3060 420 3137 est,
446 3057 512 3122 elui
536 3060 685 3140 possunt.
719 3058 762 3122 Et
784 3059 866 3122 haec
889 3059 964 3141 ipsa
986 3057 1091 3141 magis
1115 3057 1334 3140 pertinaciter

273 3164 314 3230 35
360 3166 509 3243 haerent,
535 3185 620 3248 quae
646 3165 812 3231 deteriora
835 3168 923 3245 sunt,
948 3185 1024 3230 nam
1045 3166 1135 3230 bona
1150 3165 1245 3230 facile
1262 3184 1334 3230 mu-

360 3275 474 3336 tantur
502 3271 538 3335 in
570 3273 696 3354 peius“
752 3273 843 3339 Haec
874 3272 1117 3352 Quintilianus,
1153 3272 1206 3336 cui
1238 3273 1334 3338 divus

362 3378 584 3462 Hieronymus
591 3378 619 3465 ⁵)
635 3379 813 3445 subscribit
829 3379 957 3445 dicens:
977 3379 1182 3461 ,Difficulter
1198 3379 1334 3459 raditur,

361 3488 452 3569 quod
477 3487 577 3552 rudes
600 3487 704 3551 animi
729 3487 956 3568 perbiberunt.
982 3487 1150 3552 Lanarum
1173 3486 1336 3552 conchilia

361 3594 437 3676 quis
460 3593 496 3658 in
517 3593 698 3675 pristinum
722 3595 865 3660 colorem
894 3594 1051 3660 revocet?
1087 3595 1219 3659 Recens
1247 3595 1337 3659 testa

271 3701 317 3766 40
362 3699 419 3765 diu
443 3702 477 3765 et
499 3720 652 3784 saporem
681 3700 805 3768 retinet
832 3705 866 3766 et
897 3703 1051 3784 odorem,
1090 3721 1158 3784 quo
1189 3700 1335 3782 primum

360 3807 491 3874 imbuta
514 3812 595 3874 est.“
644 3807 859 3892 Quapropter
889 3809 1038 3894 quisquis
1062 3829 1112 3890 ee,
1143 3807 1202 3892 qui
1230 3806 1338 3872 filium
