2960 4336
714 212 935 278 „30.„

379 393 608 478 pientissimus
638 394 731 458 vates
762 392 795 456 et
827 391 1023 457 Germaniae
1054 390 1212 474 splendor
1242 389 1356 471 singu-

297 502 337 565 10
380 499 469 580 laris,
501 499 651 564 dictitare
683 500 783 564 solet:
822 498 937 578 „Tum
967 517 1043 562 cum
1071 496 1240 579 principes
1268 497 1356 560 docti

381 610 494 688 erant,
534 608 623 672 totus
658 605 727 671 fere
761 607 926 669 terrarum
961 605 1051 669 orbis
1087 624 1203 668 eorum
1237 603 1357 669 ditioni

380 715 535 796 parebat,
568 733 657 778 nunc
681 717 808 791 autem,
840 731 916 778 cum
944 712 1071 776 litteras
1099 711 1267 793 ignorant,
1301 713 1358 775 rix

382 823 541 904 quattuor
556 839 710 903 agrorum
726 819 841 900 iugera
861 820 998 898 hahent,
1022 820 1057 891 in
1077 837 1162 900 quae
1177 817 1359 900 imperium

382 948 479 992 suurn
503 930 710 992 exerceant.“
742 926 931 992 Alexander
954 926 1010 991 ille
1027 927 1175 1008 Magnus
1201 925 1252 990 cui
1269 945 1358 988 unus

297 1036 335 1101 15
382 1037 529 1099 mundus
553 1055 620 1100 non
643 1034 783 1113 suffecit,
807 1053 874 1097 non
894 1033 1005 1097 minus
1026 1032 1116 1098 omni
1133 1032 1359 1097 doctrinarum

382 1161 519 1225 genere,
555 1161 654 1224 quam
688 1141 830 1223 imperio
866 1141 1013 1223 reliquos
1043 1139 1196 1203 homines
1231 1138 1359 1203 anteire

383 1248 548 1331 cupiebat.
597 1248 705 1314 Julius
734 1247 868 1324 Caesar,
899 1247 1058 1312 Octavius
1086 1245 1266 1328 Augustus,
1298 1243 1361 1308 Ca-

385 1357 476 1420 rolus
494 1356 631 1437 Magnus
655 1355 778 1436 aliique
802 1353 938 1436 plurimi
962 1353 1183 1436 imperatores
1207 1354 1242 1416 et
1265 1370 1361 1432 reges

384 1466 453 1527 tam
483 1463 646 1526 bonarum
675 1462 814 1539 artium,
844 1481 945 1544 quarn
969 1480 1136 1526 armorum
1160 1459 1262 1542 gloria
1293 1458 1362 1522 cla-

298 1573 341 1635 lO
386 1572 535 1634 ruerunt.
561 1570 596 1633 Si
613 1568 713 1651 igitur
728 1588 909 1651 generosus
926 1588 973 1647 es,
991 1568 1081 1632 omni
1099 1567 1208 1632 studio
1221 1565 1361 1646 enitere,

384 1680 423 1742 ut
446 1677 489 1742 ad
512 1676 642 1758 generis
666 1676 901 1741 claritudinem
925 1695 1053 1740 morum
1078 1695 1211 1758 quoque
1235 1675 1269 1737 et
1292 1673 1363 1737 dis-

389 1783 586 1866 ciplinarum
612 1781 701 1848 nitor
725 1782 871 1847 accedat.
918 1783 954 1847 Si
979 1784 1087 1846 terrae
1116 1780 1204 1846 filius
1228 1799 1274 1860 ee,
1302 1782 1364 1844 aut

385 1889 527 1974 plebeiis
545 1892 642 1954 natus
658 1889 864 1972 parentibus,
881 1887 1127 1972 philosophiam
1145 1888 1364 1968 amplectere3

386 1999 467 2061 haec
484 1999 517 2060 te
534 2016 612 2062 rere
630 1997 777 2060 nobilem
790 1996 899 2074 faciet,
916 2015 976 2078 per
989 2015 1062 2060 eam
1074 1994 1171 2059 facile
1184 1994 1364 2075 obtinebiS,

298 2106 340 2170 25
386 2106 424 2168 ut
445 2103 629 2167 maioribus
650 2103 717 2167 tuis
739 2105 933 2185 praelucens
954 2102 1068 2185 illique
1085 2105 1149 2167 ate
1161 2101 1366 2185 principium

387 2231 467 2275 suae
501 2209 699 2293 cognitionis
732 2209 906 2294 accipiant.
961 2210 1144 2290 „Nobilitas
1174 2209 1295 2286 enim“,
1326 2211 1366 2273 ut

387 2316 592 2402 luvenalis1)
615 2317 673 2394 ait,
709 2318 799 2396 „sola
822 2320 873 2380 est
896 2319 996 2398 atque
1021 2316 1119 2381 unica
1141 2315 1276 2381 virtus“
1326 2316 1365 2380 Si

388 2425 473 2489 liber
497 2444 532 2488 es
557 2426 589 2487 et
614 2423 791 2505 ingenuus,
816 2442 883 2505 qua
907 2424 1035 2500 ratione
1053 2423 1254 2506 disciplinas,
1278 2441 1365 2504 quae

388 2529 541 2596 liberales
559 2535 594 2596 et
606 2531 771 2613 ingenuae
792 2532 950 2595 dicuntur
972 2550 1040 2594 non
1052 2532 1094 2596 ob
1108 2530 1366 2610 aliam-causam,

301 2636 344 2704 30
389 2659 492 2722 quam
508 2639 597 2720 quod
614 2638 736 2702 liberos
754 2639 789 2700 et
804 2638 967 2720 ingenuos
984 2639 1135 2718 deceant,
1152 2641 1367 2702 contemnere

390 2747 447 2810 aut
483 2746 651 2827 negligere
687 2745 847 2810 audebis?
895 2745 930 2810 Si
966 2765 1097 2824 servus,
1132 2745 1369 2827 philosophiae

391 2853 514 2917 servias
537 2856 682 2936 oportet,
707 2856 744 2917 ut
768 2851 830 2917 tibi
854 2849 1026 2934 contingat
1048 2873 1128 2917 vera
1151 2853 1296 2917 libertas

394 2959 530 3039 ,Perdit
554 2961 644 3024 enim
668 2960 754 3024 servi
778 2979 910 3039 nornen,
934 2959 988 3024 cui
1013 2959 1118 3024 libera
1141 2979 1236 3023 mens
1260 2960 1343 3022 est“.

390 3067 578 3142 Terentius,
602 3069 660 3149 qui
677 3067 810 3131 tantum
827 3067 915 3131 inter
932 3065 1070 3132 Latinos
1087 3066 1229 3131 comicos
1245 3084 1371 3130 nornen

302 3175 343 3239 35
392 3174 504 3255 habet,
529 3173 656 3238 Lucani
679 3173 830 3238 Terentii
847 3192 963 3238 servus
980 3172 1082 3239 luisse
1099 3173 1231 3254 legitur,
1255 3190 1369 3254 aquo,

393 3280 473 3365 quia
497 3283 531 3346 et
553 3280 663 3346 fidelis
686 3279 772 3346 foret
795 3283 830 3344 et
852 3280 985 3363 ingenio
1010 3300 1077 3345 non
1093 3279 1248 3360 tardiore,
1271 3299 1371 3363 prae-

394 3389 587 3470 ceptoribus
611 3387 780 3452 litterariis
805 3389 1069 3468 commendatus
1098 3388 1171 3452 heri
1199 3387 1372 3470 diligentia

393 3495 661 3577 liberalitateque
674 3494 782 3561 factus
796 3498 846 3559 est
859 3495 1063 3560 clarissimus
1075 3497 1184 3577 poeta.
1207 3495 1372 3576 Aesopus,

393 3602 559 3669 fabulator
583 3602 761 3684 PhrygiuS,
795 3622 910 3666 servus
940 3603 1005 3667 fuit
1033 3605 1065 3666 et
1094 3603 1129 3666 in
1153 3622 1294 3688 numero
1318 3621 1374 3666 sa·
1423 3649 1429 3660 .

304 3712 350 3776 40
394 3710 561 3793 pientium
583 3709 729 3774 virorum
757 3710 891 3774 habitus
915 3713 975 3774 est.
1023 3709 1198 3792 Epictetus
1228 3709 1374 3790 Stoicae,
1473 3781 1474 3784 Ἴ

397 3818 557 3884 Phaedon
592 3818 798 3900 SocraticuS,
836 3816 1013 3900 Menippus
1048 3815 1190 3899 aliique,
1230 3836 1377 3904 quorum
1473 3811 1474 3884 l
