2960 4336
689 165 909 228 ...26-

767 447 837 513 XII.

638 607 698 677 De
721 606 964 696 impudente.

335 769 403 847 Qui
428 770 531 834 semel
554 769 669 834 attrita
692 769 787 834 eiecit
810 769 850 833 de
874 768 984 833 fronte
1009 769 1180 850 pudorem,

269 896 304 979 2)
394 893 529 958 Effrons
554 897 654 975 atque
676 913 796 976 procax
822 893 971 976 gnaviter
995 914 1069 958 esse
1093 895 1186 958 solel.

756 1231 844 1295 Xlll.

266 1407 327 1479 De
349 1406 530 1478 Daedalo
551 1413 591 1479 st
610 1408 734 1479 Icaro.
764 1408 812 1477 In
832 1407 1051 1479 audaoulos
1072 1407 1332 1496 professores
1435 1407 1436 1410 ‘

334 1590 451 1672 Magna
473 1589 552 1654 licei
574 1589 673 1655 iactet
696 1590 881 1671 volitetque
905 1609 964 1672 per
987 1609 1065 1654 aera
1088 1588 1201 1671 pinnis

379 1714 501 1794 Icarus,
525 1715 616 1780 haud
638 1716 769 1798 patrem
792 1713 907 1779 vicerit
931 1715 1002 1779 arte
1026 1733 1134 1783 suum,

336 1838 493 1904 Consiliis
518 1839 626 1904 audax
649 1840 767 1904 nolens
792 1859 907 1921 parere
931 1838 1078 1922 paternis

270 1965 307 2048 4)
382 1964 540 2047 Aequora
564 1965 605 2029 de
629 1966 721 2030 coelo
744 1964 857 2029 foi-san
879 1964 915 2028 in
939 1964 1006 2029 alta
1030 1965 1136 2029 cadet.

337 2091 518 2154 Successus
543 2091 669 2173 primos
693 2089 846 2172 sequitur
869 2091 1071 2173 quandoque
1096 2091 1209 2171 ruiua3

380 2215 519 2280 Decidat
543 2218 580 2280 ut
603 2217 744 2298 gravius
769 2237 869 2299 saepe
893 2217 1023 2281 levatur
1046 2215 1152 2299 inops,

335 2341 373 2404 In
397 2341 497 2405 rebus
521 2341 662 2416 nimium
686 2340 832 2406 confidat
855 2361 952 2406 nemo
976 2341 1141 2421 secundis,

268 2467 305 2550 8)
382 2465 573 2530 Permulare
598 2466 663 2532 cito
688 2485 770 2548 quas
794 2466 904 2531 brevis
928 2467 1010 2530 hora
1034 2468 1155 2549 potest.

336 2590 455 2656 Festus
479 2591 582 2654 habet
604 2591 764 2655 miserum
787 2595 991 2674 ventosaque
1015 2591 1119 2673 gloria
1141 2590 1252 2672 finem,

381 2714 419 2778 In
445 2715 532 2779 mala
555 2714 618 2779 fert
642 2715 789 2780 animum
812 2715 902 2781 mille
927 2716 1048 2800 cupido
1073 2735 1180 2782 suum.

760 3054 842 3119 XIV.

664 3228 728 3299 Ad
751 3229 940 3301 Gaurum.

338 3409 434 3485 Quod
457 3429 519 3491 pro
546 3410 746 3490 „mentitur“
776 3411 974 3496 „mentitus‘
1001 3411 1245 3477 restituendum

381 3532 462 3598 Esse
486 3533 521 3599 iu
544 3535 697 3600 Romano
708 3535 734 3620 1)
757 3535 881 3600 videris
906 3537 977 3620 ipse
1002 3537 1092 3618 prior
1116 3573 1156 3582 -

338 3657 385 3723 Ex
409 3679 462 3722 me
487 3659 577 3742 quod
600 3679 666 3724 non
689 3661 762 3739 hoc,
786 3663 822 3725 ut
845 3661 960 3736 multa,
985 3661 1156 3744 acceperis
1180 3659 1269 3740 olim,

270 3784 307 3869 4)
382 3783 510 3848 Sinon
533 3784 696 3867 mentiris,
721 3785 841 3866 Gaure,
865 3786 976 3868 perire
1001 3786 1114 3851 velim.
