2960 4336
700 181 921 250 -30-

368 359 410 426 Et
432 359 552 427 melior
575 361 607 428 et
631 361 840 428 reverentior
863 361 985 427 summi
1009 362 1072 428 dei.

369 484 597 569 Quaecunque
620 487 770 552 moribus
794 487 891 552 bonis
915 507 969 553 ars
992 485 1107 568 officit,

368 610 506 676 Nescire
530 631 614 692 eam,
640 631 741 694 quam
765 611 849 677 scire
874 612 969 695 longe
994 615 1046 677 est
1067 611 1182 677 tutius,

753 810 864 874 XXIV.

630 950 825 1040 Discipuli
848 951 989 1022 officia.

348 1095 393 1159 Ut
415 1097 529 1177 patres
553 1095 655 1160 animi
680 1095 767 1160 colat
791 1096 1011 1178 observetque
1035 1097 1209 1180 magistros

389 1219 581 1301 Discipulos
605 1239 666 1284 nec
691 1239 748 1284 eos
773 1219 887 1302 diligat
911 1224 983 1285 arte
1007 1220 1128 1286 minue.

347 1343 439 1407 Haec
462 1346 573 1425 pietas
598 1343 718 1410 studiis
743 1344 882 1422 confert,
907 1363 999 1410 amor
1023 1346 1170 1428 optimus
1194 1347 1275 1411 artis

278 1470 316 1554 4)
392 1468 548 1534 Traditor
571 1471 632 1548 est,
657 1469 802 1534 stimulis
827 1471 964 1551 pectora
987 1470 1105 1553 pungit
1128 1491 1229 1537 amor.

346 1584 523 1658 Doctrinae
548 1593 689 1676 cupidus
714 1594 854 1660 docilem
879 1613 915 1658 se
938 1596 1099 1678 praebeat
1122 1596 1205 1678 ipse,

390 1719 580 1801 Praecepta
598 1719 736 1783 attentis
761 1718 898 1783 auribus
921 1718 1073 1802 accipiat.

347 1844 467 1908 Pareat
489 1863 596 1925 usque
620 1843 727 1908 libens
751 1845 1012 1927 emendatusque
1036 1844 1194 1927 magistro

280 1971 316 2053 8)
393 1968 468 2031 Non
491 1969 666 2046 irascatur,
691 1969 750 2032 sed
773 1969 911 2033 meliora
934 1969 1024 2033 velit.

347 2092 412 2170 Qui
435 2095 687 2176 praeceptorem
711 2093 848 2158 minimo
872 2094 925 2158 vel
948 2094 1080 2158 laedere
1103 2097 1206 2160 verbo

391 2217 511 2294 Audet,
537 2217 721 2283 doctrinam
745 2217 886 2300 despicit
909 2219 964 2283 ille
988 2220 1120 2283 bonam.

348 2312 508 2426 Quisquis
533 2343 701 2408 doctorem
726 2343 865 2424 spernit,
890 2344 936 2408 nil
961 2345 1046 2409 scire
1069 2348 1217 2409 meretur
1326 2393 1327 2396 ฮท

283 2469 339 2552 ll)
393 2467 595 2550 Ingenuum3
621 2468 771 2550 sophiam
796 2487 890 2534 mens
914 2469 971 2551 pia
995 2470 1066 2534 sola
1089 2469 1187 2552 capit.

349 2591 533 2656 Piniferum
557 2593 659 2658 coluIt
682 2593 817 2658 Alcides
842 2595 1006 2660 maximus
1029 2595 1107 2660 olim

392 2717 616 2799 Astrologum,
631 2717 657 2802 ยน)
681 2719 761 2783 celsi
786 2739 862 2783 cum
884 2719 960 2784 tulit
984 2719 1075 2785 orbis
1099 2740 1201 2799 onus3

348 2843 501 2908 Praemia
525 2843 665 2908 Phonici
689 2843 783 2909 fortis
807 2844 943 2910 donavit
966 2844 1114 2910 Achilles

283 2967 339 3052 16)
394 2967 553 3033 Centauri
577 2968 692 3050 plagas
718 2968 938 3051 extimuitque
963 2969 1063 3034 senis.

348 3092 462 3156 Mortis
487 3092 529 3156 ad
552 3092 730 3157 arbitrium
754 3094 915 3158 Senecam
939 3095 997 3176 qui
1021 3095 1183 3176 compulit
1206 3097 1311 3176 atrox,

379 3186 468 3280 Mox
490 3235 618 3298 poenas
642 3217 757 3300 dignas
780 3219 951 3302 impietate
977 3219 1078 3285 dedit.

768 3415 862 3480 XXV.

362 3553 557 3624 Probatos
580 3559 861 3642 praeceptores
886 3556 1136 3644 quaerendos
1161 3575 1258 3626 esse.

416 3697 460 3762 Ut
483 3699 589 3762 bonas
613 3701 714 3779 artes,
737 3699 878 3780 iuvenis,
903 3702 1015 3783 capaci

415 3823 525 3887 Mente
549 3821 731 3904 perdisces
756 3824 887 3904 patiens
911 3825 1071 3908 laborum,
