2960 4336
399 567 526 638 Index
549 567 725 656 capitum
747 565 838 636 libri
860 565 989 636 huius.

158 749 224 817 Gap.
244 749 265 805 Ι.
285 749 360 812 Quod
379 751 519 816 parentum
539 751 588 810 est,
607 747 705 799 liberos
725 746 866 814 diligenter
885 747 1047 814 honesteque
1066 747 1177 800 educare
1200 752 1226 800 et

286 838 363 890 bonis
383 837 501 889 moribus
520 837 668 892 instituere.

230 927 264 983 Il.
285 926 361 990 Quod
379 927 456 994 pueri
476 925 581 978 scholae
600 925 770 993 mancipandi
788 928 815 976 et
833 941 848 976 a
866 927 958 976 tenera
970 927 1056 977 aetate
1069 925 1226 978 instituendi

285 1021 356 1069 sunt.

220 1106 267 1159 lll.
287 1107 325 1158 De
345 1106 394 1168 his,
415 1121 482 1173 quae
502 1105 623 1156 studioso
643 1103 801 1156 scholastico
820 1105 970 1156 necessaria
989 1108 1060 1156 sunt.

222 1196 268 1249 lV.
288 1196 327 1248 De
346 1195 472 1247 scientiae
491 1194 636 1262 cupiditate
655 1193 842 1261 comparanda.

234 1285 265 1339 V.
284 1284 360 1348 Quod
380 1285 508 1346 homines,
532 1284 714 1350 cuiuscunque
732 1282 893 1335 conditionis
913 1283 975 1347 sint,
1000 1283 1100 1335 discere
1120 1282 1225 1337 debent.

213 1373 260 1428 Vl.
280 1373 366 1442 Super
383 1373 549 1442 ingeniorum
569 1372 653 1424 variet
670 1375 705 1426 to.

203 1462 262 1516 Vll.
282 1464 320 1516 De
339 1463 464 1515 memoria
482 1463 578 1517 tenaci.

187 1551 260 1604 Vlll.
280 1552 356 1616 Quod
375 1552 445 1604 bona
463 1551 587 1603 valetudo
607 1550 713 1603 studere
732 1549 831 1602 volenti
849 1551 1001 1602 necessaria
1020 1555 1068 1603 est.

212 1640 262 1693 IX.
282 1639 358 1703 Quod
377 1640 515 1692 mediocris
535 1639 647 1692 facultas
666 1639 823 1692 scholastico
844 1639 944 1706 optima
963 1642 1010 1695 est.

221 1729 257 1784 X.
276 1729 501 1793 Quemadmodum
529 1729 615 1792 dives,
643 1744 746 1796 pauper
776 1731 803 1780 et
830 1729 907 1796 inops
938 1727 1112 1780 scholasticus
1140 1729 1226 1780 vivere

274 1818 376 1871 debeat.

208 1906 258 1958 Xl.
277 1907 316 1959 De
335 1907 435 1974 duplici
454 1906 537 1958 studii
556 1906 622 1962 loeo.

194 1995 257 2048 Xll.
276 1996 315 2048 De
332 1996 460 2063 temporis
479 1997 542 2050 otio.

177 2084 254 2140 Xlll.
276 2085 313 2137 De
332 2085 433 2152 duplici
452 2085 515 2137 otio.

178 2173 254 2226 XlV.
273 2173 348 2237 Quod
368 2175 471 2226 animus
490 2173 605 2226 studiosi
623 2174 785 2242 compositus
805 2189 863 2226 esse
883 2173 961 2226 debet
980 2177 1006 2226 et
1024 2188 1143 2226 securus.

192 2262 253 2318 XV.
274 2262 491 2315 Probatissimum
511 2268 708 2331 praeceptorem
728 2263 896 2332 deligendum
909 2277 982 2326 esse.

181 2351 256 2404 XVl.
275 2351 367 2414 Qualis
386 2353 421 2404 sit
440 2353 525 2404 bonus
545 2355 700 2420 praeceptor
719 2355 746 2404 et
765 2368 832 2420 quae
851 2353 905 2404 sint
923 2353 979 2404 eius
999 2351 1092 2405 officia.

167 2439 257 2493 XVll.
277 2441 406 2493 Probatos
425 2442 566 2510 magistros
586 2441 626 2493 vel
646 2441 780 2493 laborioso
800 2441 895 2493 itinere
913 2441 1086 2508 requirendos
1106 2454 1173 2493 esse.

156 2529 260 2585 XVlll.
283 2529 385 2582 Vanam
409 2545 468 2582 esse
492 2546 582 2582 eorum
605 2531 766 2598 opinionem,
795 2530 840 2598 qui
859 2531 956 2583 liberos
984 2531 1012 2582 in
1035 2530 1132 2582 celebri
1160 2531 1226 2582 urbe

276 2623 363 2684 natos,
388 2619 435 2671 ubi
458 2618 605 2671 litterarum
624 2619 713 2674 studia
736 2621 834 2688 vigent,
858 2619 910 2672 alio
934 2635 1015 2672 causa
1038 2618 1144 2671 maioris
1167 2634 1226 2687 pro-

276 2707 360 2760 fectus
380 2709 573 2763 transmittunt.

177 2795 255 2852 XlX.
275 2796 347 2859 Quae
366 2797 420 2850 sint
440 2797 565 2865 discipuli
584 2813 646 2866 erga
664 2801 861 2865 praeceptorem
881 2796 977 2853 officia.

195 2884 259 2941 XX.
279 2885 376 2948 Quales
395 2884 477 2938 libros
498 2885 672 2938 scholasticus
692 2886 788 2938 habere
807 2886 910 2938 debeat.

185 2973 263 3028 XXl.
282 2973 415 3036 Quantum
434 2974 534 3026 homini
553 2976 638 3043 prosit
656 2975 836 3027 studiosorum
855 2973 1028 3030 consuetudo.

168 3062 259 3120 XXll.
279 3064 317 3115 De
337 3063 483 3116 studiorum
504 3064 595 3116 ordine
615 3069 641 3116 et
659 3063 720 3116 fine.

158 3150 262 3207 xx1u.
282 3150 358 3215 Quos
384 3135 517 3204 interdum
545 3152 633 3204 studio
661 3153 812 3205 intermisso
841 3153 960 3205 honestis
988 3152 1092 3205 lusibus
1121 3153 1225 3205 animus

277 3239 436 3293 relaxandus
457 3243 505 3292 est.

159 3328 264 3382 XXIV.
282 3328 357 3393 Quod
383 3329 472 3382 studia
494 3330 702 3395 intermittenda,
728 3346 782 3383 non
805 3333 893 3383 autem
917 3330 1070 3396 omittenda,
1094 3330 1141 3383 sed
1164 3330 1226 3384 dum

279 3419 401 3482 vivimus,
419 3420 605 3488 prosequenda
623 3423 694 3475 sunt.
