2960 4336
682 209 903 274 ..19-

350 386 410 450 Die
434 387 582 450 Vorrede
617 386 677 450 des
712 386 832 450 Petrus
866 385 1055 450 Nelremeus
1084 367 1167 466 ¹gebe
1198 385 1252 449 ich
1282 405 1325 450 an

261 493 370 560 dieser
394 493 498 558 Stelle
522 493 663 558 wieder:

352 598 564 678 „Clarissimo
578 601 680 682 atque
697 597 908 664 ornatissimo
921 598 992 664 viro
1007 599 1126 663 loanni
1138 598 1323 664 Murmellio

260 706 550 786 Ruremundensi‚
583 687 809 792 humanarum
829 705 952 770 artium
975 705 1173 788 professori,
1205 706 1323 770 Petrus

261 813 453 886 Nehemeus
478 811 694 896 Drolsbagius
719 813 876 878 Salutem·
895 812 931 876 P.
956 813 994 876 D.
1019 848 1062 858 —
1154 829 1156 834 ·
1229 817 1231 822 ’

349 917 428 1000 Legi
451 938 511 1001 ego
535 938 603 984 non
633 918 704 983 sine
733 939 853 1001 magna
880 918 1052 1000 voluptate
1080 919 1244 1000 opuscula
1265 921 1325 985 tua

260 1026 302 1090 ad
330 1045 383 1090 me
413 1025 529 1106 missa,
562 1025 944 1109 dulcissime-loanneS‚
984 1046 1069 1109 quae
1104 1046 1180 1090 cum
1214 1025 1325 1091 omnia

261 1131 503 1196 candidissimis
537 1132 801 1198 adolescentium
832 1131 971 1215 ingeniis
1006 1132 1184 1197 utilissima
1211 1134 1325 1197 futura

260 1237 421 1317 existimo
445 1240 517 1303 tum
540 1239 682 1304 maxime
698 1238 916 1304 Euchiridion
939 1239 1022 1304 illud
1039 1238 1323 1320 scholasticorum,

261 1363 327 1429 qno
350 1345 500 1428 proiecto
524 1365 591 1411 non
614 1345 708 1428 parvi
732 1346 1006 1411 scholasticorum
1030 1347 1158 1411 fructus
1178 1367 1324 1412 commo-

261 1455 370 1536 daque
395 1452 467 1536 (qui
491 1453 589 1517 bonis
612 1451 731 1519 officiis
761 1453 963 1537 optimisque
992 1453 1258 1519 institutionibus
1282 1455 1325 1518 ad

261 1560 372 1624 studia
383 1560 548 1624 bonarum
561 1560 682 1625 artium
695 1559 863 1625 alliciendi
876 1561 969 1645 sunt)
982 1559 1145 1625 contineri
1156 1560 1323 1644 perspexi,

260 1668 343 1732 adeo
366 1687 419 1731 me
443 1667 756 1750 hercle-praeclara,
781 1670 818 1731 ut
841 1666 894 1732 vel
911 1666 1044 1731 inimico
1060 1667 1170 1732 iudice
1185 1668 1322 1750 probari

259 1773 399 1858 possint.
448 1774 556 1853 Quam
579 1775 622 1839 ob
650 1794 721 1839 rem
749 1778 842 1838 ratus
871 1775 1026 1857 iniquum
1049 1773 1134 1855 iore,
1170 1775 1205 1839 id
1235 1773 1325 1839 domi

260 1880 399 1946 tacitum
422 1880 698 1964 reconditumque
722 1900 864 1961 servare,
888 1881 977 1963 quod
993 1880 1151 1945 studiosis
1168 1881 1324 1946 omnibus

261 1991 298 2053 ul
326 1988 556 2067 utilissimum,
590 1989 637 2053 ita
666 1990 699 2052 et
727 1987 953 2070 gratissimum
982 1989 1134 2054 futurum
1157 1990 1255 2067 esset,
1279 2025 1324 2036 -

261 2096 362 2160 statui
385 2095 486 2178 igitur
508 2095 604 2177 (licei
626 2096 669 2159 ob
690 2095 899 2176 impresseris
917 2094 1052 2163 nimiam
1070 2095 1324 2177 occupationem

261 2204 464 2288 distulerim)
486 2204 642 2268 omnibus
666 2202 823 2268 studiosis
848 2203 1027 2286 impartire,
1051 2204 1152 2285 quod,
1182 2199 1258 2267 cum
1281 2204 1325 2267 ad

260 2331 358 2377 aures
374 2296 611 2377 nonnullorum
628 2312 775 2377 delatum
791 2313 890 2387 esset,
913 2313 1071 2376 continuo
1087 2331 1141 2376 me
1158 2312 1324 2377 exhortati

261 2422 352 2498 sunt,
373 2400 423 2483 ut
438 2437 535 2506 opus
564 2417 769 2500 publicarem
798 2423 897 2500 atque
931 2417 1180 2501 chalcographis
1209 2418 1323 2499 impri-

260 2526 419 2590 mendum
443 2525 618 2608 diligenter
642 2526 920 2591 commendarem.
967 2524 1098 2604 Quibus
1127 2527 1162 2589 et
1185 2526 1325 2591 honesta

218 2661 220 2665 ·
260 2635 294 2698 et
309 2631 396 2697 iusta
412 2633 605 2716 petentibus
626 2652 694 2697 non
710 2632 805 2716 potui
823 2652 890 2697 non
906 2651 1033 2697 morem
1049 2652 1171 2714 gerere.
1204 2634 1323 2714 ltaque

260 2740 393 2822 suscepi
416 2738 632 2805 Encbiridion
659 2739 751 2804 istud
779 2739 1018 2822 perlegendum
1045 2758 1122 2804 cum
1150 2739 1219 2804 divi
1243 2738 1325 2803 Hie·
1365 2760 1369 2766 ’

259 2846 388 2928 ronymi
413 2846 454 2910 de
478 2845 672 2911 clericorum
696 2845 905 2910 institutione
929 2845 1082 2928 epistola,
1107 2866 1207 2929 quam
1231 2845 1325 2910 rudis

261 2956 361 3036 atque
396 2952 565 3036 negligens
594 2953 774 3036 impressor
809 2972 988 3037 perperam
1022 2953 1325 3034 miserabiliterque

261 3059 420 3140 confudit,
444 3059 552 3125 itaut
575 3061 673 3125 homo
697 3059 871 3125 mediocris
895 3061 1103 3125 litteraturae
1126 3058 1181 3124 vix
1197 3060 1325 3123 textum

259 3167 313 3249 (ut
330 3166 462 3252 dicunt)
478 3188 497 3233 a
514 3167 752 3232 commentario
769 3168 991 3249 cognosceret.
1004 3167 1036 3251 *)
1082 3166 1242 3246 Tandem,
1266 3167 1325 3230 ubi

261 3293 345 3356 opus
377 3274 458 3340 satis
492 3275 638 3340 revisum
671 3276 704 3338 et
735 3275 771 3338 in
799 3292 896 3338 suum
927 3274 1105 3338 candorem
1135 3271 1326 3338 restitutum

261 3381 396 3464 cognovi
438 3384 539 3464 atque
582 3381 744 3446 vocabula
787 3380 874 3446 scitu
917 3380 1066 3462 digniora
1105 3379 1140 3444 in
1178 3379 1325 3462 margine

262 3489 437 3567 annotata,
470 3489 712 3572 clralcographo
741 3487 891 3552 commisi
921 3487 1169 3569 publicandum.
1217 3486 1327 3563 Quem

336 3646 360 3713 ')
373 3647 431 3700 Dan
440 3649 468 3700 in
478 3647 525 3700 der
534 3651 622 3702 ersten
634 3648 758 3716 Ausgabe
768 3648 824 3699 sich
834 3661 886 3699 von
899 3647 957 3699 dem
969 3646 1052 3698 Texte
1064 3647 1138 3698 nicht
1152 3645 1328 3698 abhcbenden

263 3735 431 3789 commentar
443 3736 489 3788 des
503 3736 604 3789 Brieies
619 3737 666 3788 hat
679 3736 828 3789 Nehemeus
841 3735 923 3789 durch
937 3735 1074 3789 kleineren
1088 3735 1176 3789 Druck
1189 3734 1328 3788 kenntlich

262 3825 391 3894 gemacht.
